1519360691,0.159349218,0.144863057,,2233.45632,0.285893202
1519360691,0.164002502,0.153977608,,0.000128005,
1519360692,0.163882382,0.157173277,,0.128004833,
1519360692,0.163244457,0.158654603,,,
1519360692,0.158897921,0.158702342,,,
1519360692,0.16098089,0.15907623,,,
1519360692,0.167925756,0.160324314,,,
1519360692,0.162172609,0.160552909,,,
1519360692,0.158579784,0.160335579,,,
1519360692,0.1613166,0.160432992,,,
1519360692,0.157690245,0.160185017,,,
1519360692,0.165931429,0.160661963,,,
1519360692,0.162174055,0.160777976,,,
1519360692,0.16172633,0.160845634,,,
1519360692,0.161268383,0.160873822,,,
1519360692,0.162334915,0.160965284,,,
1519360692,0.16048655,0.160937039,,,
1519360692,0.163966474,0.161106087,,,
1519360692,0.162330077,0.161170887,,,
1519360692,0.161661139,0.161195581,,,
1519360693,0.163703666,0.161316083,,,
1519360693,0.165527973,0.161509552,,,
1519360693,0.16470507,0.16165018,,,
1519360693,0.165137477,0.1617975,,,
1519360693,0.15699638,0.161602457,,,
1519360693,0.162433672,0.161634983,,,
1519360693,0.161383452,0.161625488,,,
1519360693,0.165885213,0.161780838,,,
1519360693,0.162152993,0.161793968,,,
1519360693,0.162636021,0.161822741,,,
1519360693,0.162803312,0.161855232,,,
1519360693,0.161943336,0.161858066,,,
1519360693,0.162095138,0.161865476,,,
1519360693,0.165671107,0.161981183,,,
1519360693,0.164301897,0.162049878,,,
1519360693,0.162573987,0.162064996,,,
1519360693,0.16386025,0.162115496,,,
1519360693,0.162870879,0.162136235,,,
1519360694,0.165738714,0.16223284,,,
1519360694,0.16968117,0.162428065,,,
1519360694,0.168917,0.162594417,,,
1519360694,0.161121615,0.162557463,,,
1519360694,0.167417882,0.162676891,,,
1519360694,0.168793634,0.162824166,,,
1519360694,0.166625434,0.162913902,,,
1519360694,0.160167817,0.162850309,,,
1519360694,0.162918574,0.16285186,,,
1519360694,0.165212694,0.162904553,,,
1519360694,0.16771867,0.163010116,,,
1519360694,0.166558473,0.163086595,,,
1519360694,0.1630214,0.163085213,,,
1519360694,0.167224211,0.163171512,,,
1519360694,0.164374209,0.163196192,,,
1519360694,0.168417263,0.163301677,,,
1519360694,0.163628414,0.163308179,,,
1519360694,0.16659843,0.163372692,,,
1519360694,0.16755317,0.163453487,,,
1519360695,0.158438664,0.163357922,,,
1519360695,0.165698325,0.163401913,,,
1519360695,0.162985984,0.163394199,,,
1519360695,0.166297028,0.163447335,,,
1519360695,0.164108041,0.163459275,,,
1519360695,0.16317664,0.163454231,,,
1519360695,0.168581105,0.163544624,,,
1519360695,0.161218225,0.163504092,,,
1519360695,0.161545141,0.163470358,,,
1519360695,0.164438568,0.163486843,,,
1519360695,0.162785933,0.163475041,,,
1519360695,0.163619577,0.163477448,,,
1519360695,0.162478361,0.163460984,,,
1519360695,0.161023956,0.163421239,,,
1519360695,0.167240111,0.163482891,,,
1519360695,0.16672433,0.163534703,,,
1519360695,0.164362342,0.163547804,,,
1519360695,0.166057127,0.163587149,,,
1519360696,0.166906329,0.163638712,,,
1519360696,0.163803217,0.163641244,,,
1519360696,0.163336423,0.163636593,,,
1519360696,0.167626137,0.163696936,,,
1519360696,0.165031217,0.163716947,,,
1519360696,0.1655074,0.163743575,,,
1519360696,0.166947741,0.163790842,,,
1519360696,0.165578418,0.163817001,,,
1519360696,0.164347531,0.163824705,,,
1519360696,0.165220437,0.163844817,,,
1519360696,0.163186072,0.163835395,,,
1519360696,0.162432661,0.16381548,,,
1519360696,0.169583284,0.163896783,,,
1519360696,0.164465952,0.16390475,,,
1519360696,0.166840259,0.163945558,,,
1519360696,0.162572536,0.163926599,,,
1519360696,0.160264924,0.163876371,,,
1519360696,0.166314137,0.163909595,,,
1519360697,0.160803658,0.163867531,,,
1519360697,0.163916506,0.163868191,,,
1519360697,0.165048914,0.163883986,,,
1519360697,0.166412458,0.163917612,,,
1519360697,0.166538606,0.163952266,,,
1519360697,0.166502501,0.163985792,,,
1519360697,0.16657388,0.164019627,,,
1519360697,0.167586789,0.164066008,,,
1519360697,0.159274398,0.16400404,,,
1519360697,0.164076315,0.164004969,,,
1519360697,0.165964325,0.164030047,,,
1519360697,0.163537774,0.164023778,,,
1519360697,0.162108827,0.163999512,,,
1519360697,0.170383502,0.16408002,,,
1519360697,0.165517749,0.164098066,,,
1519360697,0.167255893,0.164137518,,,
1519360697,0.163453748,0.164129014,,,
1519360697,0.170518315,0.164208124,,,
1519360698,0.162703378,0.164189574,,,
1519360698,0.165406046,0.164204506,,,
1519360698,0.165356572,0.164218589,,,
1519360698,0.170229208,0.164291761,,,
1519360698,0.166000681,0.164312482,,,
1519360698,0.166882757,0.164343524,,,
1519360698,0.164029357,0.164339744,,,
1519360698,0.16703408,0.164372037,,,
1519360698,0.166042816,0.164391988,,,
1519360698,0.161274259,0.164354894,,,
1519360698,0.16634819,0.164378526,,,
1519360698,0.168050607,0.164421909,,,
1519360698,0.163727215,0.16441373,,,
1519360698,0.165973963,0.164432039,,,
1519360698,0.163643191,0.164422812,,,
1519360698,0.164114331,0.164419215,,,
1519360698,0.166773473,0.164446577,,,
1519360698,0.166184853,0.164466717,,,
1519360699,0.169289418,0.164522426,,,
1519360699,0.165473942,0.164533385,,,
1519360699,0.166070149,0.164551033,,,
1519360699,0.162600407,0.164528696,,,
1519360699,0.167610069,0.164563883,,,
1519360699,0.167154818,0.164593388,,,
1519360699,0.166822109,0.164618701,,,
1519360699,0.165349235,0.164626976,,,
1519360699,0.168504699,0.164670789,,,
1519360699,0.167634529,0.164704191,,,
1519360699,0.164889651,0.164706276,,,
1519360699,0.164255524,0.164701221,,,
1519360699,0.166325806,0.164719398,,,
1519360699,0.166404664,0.16473821,,,
1519360699,0.170704932,0.164804662,,,
1519360699,0.166529012,0.164823823,,,
1519360699,0.164828264,0.164823872,,,
1519360699,0.166742864,0.164845104,,,
1519360699,0.165441675,0.164851691,,,
1519360700,0.165594428,0.164859874,,,
1519360700,0.165137981,0.164862932,,,
1519360700,0.169436139,0.164913119,,,
1519360700,0.167004841,0.164936029,,,
1519360700,0.171463004,0.165007382,,,
1519360700,0.16858106,0.165046377,,,
1519360700,0.172547266,0.165128074,,,
1519360700,0.167186407,0.165150452,,,
1519360700,0.161370256,0.165109426,,,
1519360700,0.167149676,0.165131531,,,
1519360700,0.169237105,0.165175937,,,
1519360700,0.161139637,0.165132352,,,
1519360700,0.168616357,0.165169912,,,
1519360700,0.170457663,0.165226828,,,
1519360700,0.163857929,0.165212116,,,
1519360700,0.164156696,0.165200791,,,
1519360700,0.165937037,0.16520868,,,
1519360700,0.168061638,0.165239203,,,
1519360701,0.16383951,0.165224249,,,
1519360701,0.16641251,0.165236926,,,
1519360701,0.166863438,0.165254254,,,
1519360701,0.163558674,0.165236215,,,
1519360701,0.168882384,0.165274956,,,
1519360701,0.167024882,0.165293525,,,
1519360701,0.1678291,0.165320396,,,
1519360701,0.170253234,0.165372608,,,
1519360701,0.166926796,0.165389038,,,
1519360701,0.165626451,0.165391545,,,
1519360701,0.16438637,0.165380944,,,
1519360701,0.166545885,0.165393216,,,
1519360701,0.168007221,0.165420722,,,
1519360701,0.166846835,0.165435711,,,
1519360701,0.164210383,0.165422846,,,
1519360701,0.167342157,0.165442976,,,
1519360701,0.167421398,0.165463705,,,
1519360701,0.167760609,0.165487746,,,
1519360702,0.167734988,0.165511243,,,
1519360702,0.166775817,0.165524453,,,
1519360702,0.17331037,0.165605705,,,
1519360702,0.165210696,0.165601586,,,
1519360702,0.168020934,0.165626787,,,
1519360702,0.162052671,0.165589592,,,
1519360702,0.164848735,0.165581889,,,
1519360702,0.166590192,0.165592363,,,
1519360702,0.169855636,0.165636615,,,
1519360702,0.167728854,0.165658314,,,
1519360702,0.166247371,0.165664418,,,
1519360702,0.166414587,0.165672185,,,
1519360702,0.166231849,0.165677975,,,
1519360702,0.165212502,0.165673163,,,
1519360702,0.16429296,0.165658905,,,
1519360702,0.170931645,0.165713333,,,
1519360702,0.169047813,0.165747729,,,
1519360702,0.169050683,0.165781774,,,
1519360703,0.162476789,0.165747732,,,
1519360703,0.168755928,0.165778696,,,
1519360703,0.166679619,0.165787963,,,
1519360703,0.163707456,0.165766576,,,
1519360703,0.164269849,0.1657512,,,
1519360703,0.167855373,0.165772803,,,
1519360703,0.168856048,0.165804438,,,
1519360703,0.16887553,0.165835929,,,
1519360703,0.167732823,0.165855368,,,
1519360703,0.163279644,0.165828988,,,
1519360703,0.166931487,0.165840273,,,
1519360703,0.167581766,0.165858089,,,
1519360703,0.165238753,0.165851756,,,
1519360703,0.170108318,0.165895255,,,
1519360703,0.168862181,0.165925558,,,
1519360703,0.16843644,0.165951191,,,
1519360703,0.170153726,0.16599407,,,
1519360703,0.167572745,0.16601017,,,
1519360704,0.163739477,0.165987024,,,
1519360704,0.166784397,0.165995148,,,
1519360704,0.170155529,0.166037516,,,
1519360704,0.163986732,0.166016641,,,
1519360704,0.170379363,0.166061029,,,
1519360704,0.166284736,0.166063304,,,
1519360704,0.166682702,0.166069601,,,
1519360704,0.172066746,0.166130539,,,
1519360704,0.171463675,0.166184707,,,
1519360704,0.169631768,0.166219704,,,
1519360704,0.16999294,0.166257998,,,
1519360704,0.167828311,0.166273928,,,
1519360704,0.168092898,0.166292374,,,
1519360704,0.166530999,0.166294793,,,
1519360704,0.170007006,0.16633241,,,
1519360704,0.169266586,0.166362133,,,
1519360704,0.165784435,0.166356283,,,
1519360704,0.165797791,0.166350629,,,
1519360705,0.161890611,0.166305498,,,
1519360705,0.16601365,0.166302546,,,
1519360705,0.167693852,0.166316615,,,
1519360705,0.162831117,0.166281379,,,
1519360705,0.167962048,0.166298364,,,
1519360705,0.167491984,0.166310423,,,
1519360705,0.168636503,0.166333917,,,
1519360705,0.16811166,0.166351866,,,
1519360705,0.167315014,0.166361588,,,
1519360705,0.162273045,0.16632033,,,
1519360705,0.1701912,0.166359381,,,
1519360705,0.170715687,0.166403316,,,
1519360705,0.165082534,0.166389999,,,
1519360705,0.169450779,0.166420852,,,
1519360705,0.16464351,0.166402941,,,
1519360705,0.169838645,0.166437556,,,
1519360705,0.17306958,0.166504357,,,
1519360705,0.173025239,0.166570024,,,
1519360705,0.167375207,0.16657813,,,
1519360706,0.165991358,0.166572224,,,
1519360706,0.169950743,0.166606222,,,
1519360706,0.167686275,0.166617088,,,
1519360706,0.173807468,0.166689414,,,
1519360706,0.166094054,0.166683427,,,
1519360706,0.167497396,0.166691611,,,
1519360706,0.166776457,0.166692464,,,
1519360706,0.168632122,0.166711958,,,
1519360706,0.167857836,0.166723472,,,
1519360706,0.170217497,0.166758574,,,
1519360706,0.169859404,0.16678972,,,
1519360706,0.166555004,0.166787363,,,
1519360706,0.167477821,0.166794295,,,
1519360706,0.166992302,0.166796283,,,
1519360706,0.168519064,0.166813575,,,
1519360706,0.170357034,0.166849135,,,
1519360706,0.162312779,0.166803618,,,
1519360707,0.168295866,0.166818589,,,
1519360707,0.167652574,0.166826954,,,
1519360707,0.164936211,0.166807992,,,
1519360707,0.17024436,0.166842449,,,
1519360707,0.166536954,0.166839387,,,
1519360707,0.166614015,0.166837127,,,
1519360707,0.16894366,0.166858241,,,
1519360707,0.171739484,0.166907157,,,
1519360707,0.164059074,0.16687862,,,
1519360707,0.16788778,0.16688873,,,
1519360707,0.168397111,0.166903839,,,
1519360707,0.168079397,0.166915614,,,
1519360707,0.167857247,0.166925044,,,
1519360707,0.16579572,0.166913735,,,
1519360707,0.168773168,0.166932352,,,
1519360707,0.168028408,0.166943324,,,
1519360707,0.1723573,0.166997516,,,
1519360707,0.170314421,0.167030713,,,
1519360708,0.166624319,0.167026646,,,
1519360708,0.165853482,0.167014907,,,
1519360708,0.167288384,0.167017643,,,
1519360708,0.169492785,0.167042404,,,
1519360708,0.162716297,0.166999131,,,
1519360708,0.168051359,0.167009655,,,
1519360708,0.167472553,0.167014284,,,
1519360708,0.171005621,0.167054197,,,
1519360708,0.16731842,0.167056838,,,
1519360708,0.166489305,0.167051164,,,
1519360708,0.16840161,0.167064665,,,
1519360708,0.169515586,0.167089164,,,
1519360708,0.169713193,0.167115391,,,
1519360708,0.165207204,0.16709632,,,
1519360708,0.169817191,0.167123511,,,
1519360708,0.171497986,0.167167222,,,
1519360708,0.169293747,0.167188469,,,
1519360709,0.167512791,0.167191709,,,
1519360709,0.170805882,0.167227815,,,
1519360709,0.169160409,0.16724712,,,
1519360709,0.164599684,0.167220676,,,
1519360709,0.167951078,0.167227971,,,
1519360709,0.171085575,0.167266496,,,
1519360709,0.167970413,0.167273526,,,
1519360709,0.17108713,0.167311606,,,
1519360709,0.168630369,0.167324774,,,
1519360709,0.166043371,0.16731198,,,
1519360709,0.165333123,0.167292224,,,
1519360709,0.168299664,0.167302281,,,
1519360709,0.166693697,0.167296206,,,
1519360709,0.168872283,0.167311938,,,
1519360709,0.169856818,0.167337338,,,
1519360709,0.170172161,0.16736563,,,
1519360709,0.167822789,0.167370192,,,
1519360710,0.173843516,0.167434789,,,
1519360710,0.172553774,0.167485869,,,
1519360710,0.166933735,0.16748036,,,
1519360710,0.168327599,0.167488813,,,
1519360710,0.170289231,0.167516752,,,
1519360710,0.165764875,0.167499275,,,
1519360710,0.169992295,0.167524145,,,
1519360710,0.174682308,0.167595549,,,
1519360710,0.167152712,0.167591132,,,
1519360710,0.162155078,0.167536911,,,
1519360710,0.174827193,0.167609623,,,
1519360710,0.168611369,0.167619613,,,
1519360710,0.167051675,0.167613949,,,
1519360710,0.170232045,0.167640058,,,
1519360710,0.166572427,0.167629412,,,
1519360710,0.167158523,0.167624716,,,
1519360710,0.173525212,0.167683551,,,
1519360710,0.163641614,0.16764325,,,
1519360711,0.167302819,0.167639856,,,
1519360711,0.171795309,0.167681285,,,
1519360711,0.171884711,0.167723191,,,
1519360711,0.168335537,0.167729295,,,
1519360711,0.167577075,0.167727778,,,
1519360711,0.166624314,0.167716778,,,
1519360711,0.167386032,0.167713481,,,
1519360711,0.168533378,0.167721654,,,
1519360711,0.169727992,0.167741652,,,
1519360711,0.165907344,0.167723369,,,
1519360711,0.173214849,0.167778101,,,
1519360711,0.164673735,0.167747162,,,
1519360711,0.167270268,0.167742409,,,
1519360711,0.168154118,0.167746512,,,
1519360711,0.170822018,0.16777716,,,
1519360711,0.16683802,0.167767802,,,
1519360711,0.164589356,0.167736129,,,
1519360711,0.169725917,0.167755956,,,
1519360712,0.167215561,0.167750572,,,
1519360712,0.164173078,0.167714926,,,
1519360712,0.167011814,0.167707921,,,
1519360712,0.165410564,0.167685031,,,
1519360712,0.167181207,0.167680012,,,
1519360712,0.166294842,0.167666211,,,
1519360712,0.1664599,0.167654193,,,
1519360712,0.168856312,0.167666169,,,
1519360712,0.167351325,0.167663033,,,
1519360712,0.166832246,0.167654757,,,
1519360712,0.175184483,0.167729765,,,
1519360712,0.168095366,0.167733407,,,
1519360712,0.170974145,0.167765688,,,
1519360712,0.165085783,0.167738994,,,
1519360712,0.1712535,0.167774001,,,
1519360712,0.17151088,0.167811222,,,
1519360712,0.169437759,0.167827423,,,
1519360712,0.168204212,0.167831176,,,
1519360713,0.168198079,0.16783483,,,
1519360713,0.16961153,0.167852526,,,
1519360713,0.170644289,0.16788033,,,
1519360713,0.169036181,0.167891842,,,
1519360713,0.166841562,0.167881382,,,
1519360713,0.166267697,0.167865311,,,
1519360713,0.167011745,0.167856811,,,
1519360713,0.168856673,0.167866768,,,
1519360713,0.16523423,0.167840552,,,
1519360713,0.171816203,0.167880143,,,
1519360713,0.168854148,0.167889842,,,
1519360713,0.170769373,0.167918516,,,
1519360713,0.170130613,0.167940544,,,
1519360713,0.170513075,0.167966161,,,
1519360713,0.170167371,0.167988079,,,
1519360713,0.169115133,0.167999302,,,
1519360713,0.173984129,0.168058894,,,
1519360713,0.172793465,0.168106037,,,
1519360714,0.169299331,0.168117918,,,
1519360714,0.167558552,0.168112349,,,
1519360714,0.168302599,0.168114243,,,
1519360714,0.168830703,0.168121376,,,
1519360714,0.167524693,0.168115436,,,
1519360714,0.164748632,0.168081915,,,
1519360714,0.168330015,0.168084385,,,
1519360714,0.169765073,0.168101118,,,
1519360714,0.164590345,0.168066165,,,
1519360714,0.173679155,0.168122047,,,
1519360714,0.17233998,0.168164039,,,
1519360714,0.166057884,0.168143071,,,
1519360714,0.170830653,0.168169827,,,
1519360714,0.165564348,0.168143889,,,
1519360714,0.167315605,0.168135643,,,
1519360714,0.165521839,0.168109622,,,
1519360714,0.165656302,0.168085199,,,
1519360714,0.173149613,0.168135615,,,
1519360715,0.169112609,0.168145341,,,
1519360715,0.166562964,0.168129589,,,
1519360715,0.167391675,0.168122243,,,
1519360715,0.166911138,0.168110187,,,
1519360715,0.16550568,0.168084261,,,
1519360715,0.165915121,0.168062668,,,
1519360715,0.167667813,0.168058737,,,
1519360715,0.164208615,0.168020412,,,
1519360715,0.173550464,0.168075459,,,
1519360715,0.165361473,0.168048444,,,
1519360715,0.171797097,0.168085758,,,
1519360715,0.168918312,0.168094046,,,
1519360715,0.172458939,0.168137493,,,
1519360715,0.168325686,0.168139366,,,
1519360715,0.169596022,0.168153866,,,
1519360715,0.167923025,0.168151568,,,
1519360715,0.170415736,0.168174104,,,
1519360715,0.169768679,0.168189976,,,
1519360715,0.16861296,0.168194186,,,
1519360716,0.164679416,0.168159202,,,
1519360716,0.172639903,0.1682038,,,
1519360716,0.164458047,0.168166518,,,
1519360716,0.170078685,0.16818555,,,
1519360716,0.168407481,0.168187759,,,
1519360716,0.162541359,0.16813156,,,
1519360716,0.173220643,0.168182212,,,
1519360716,0.172836366,0.168228534,,,
1519360716,0.169567966,0.168241865,,,
1519360716,0.173701138,0.168296201,,,
1519360716,0.168542707,0.168298654,,,
1519360716,0.171893346,0.168334431,,,
1519360716,0.172742635,0.168378305,,,
1519360716,0.167202792,0.168366605,,,
1519360716,0.171254582,0.168395348,,,
1519360716,0.1669032,0.168380497,,,
1519360716,0.167579477,0.168372525,,,
1519360716,0.16820164,0.168370824,,,
1519360717,0.170043707,0.168387474,,,
1519360717,0.169058508,0.168394152,,,
1519360717,0.171787364,0.168427922,,,
1519360717,0.164130734,0.168385156,,,
1519360717,0.16461417,0.168347626,,,
1519360717,0.16692088,0.168333427,,,
1519360717,0.170128786,0.168351294,,,
1519360717,0.17054838,0.16837316,,,
1519360717,0.172384681,0.168413083,,,
1519360717,0.169142228,0.168420339,,,
1519360717,0.16980835,0.168434153,,,
1519360717,0.166970315,0.168419585,,,
1519360717,0.169125954,0.168426614,,,
1519360717,0.16797348,0.168422105,,,
1519360717,0.169517431,0.168433005,,,
1519360717,0.166682268,0.168415582,,,
1519360717,0.169800776,0.168429368,,,
1519360717,0.1694819,0.168439842,,,
1519360718,0.166639111,0.168421922,,,
1519360718,0.171725726,0.1684548,,,
1519360718,0.171493214,0.168485037,,,
1519360718,0.169244544,0.168492596,,,
1519360718,0.173695012,0.168544368,,,
1519360718,0.168804052,0.168546952,,,
1519360718,0.168044138,0.168541949,,,
1519360718,0.17564053,0.16861259,,,
1519360718,0.170219275,0.168628579,,,
1519360718,0.168505913,0.168627358,,,
1519360718,0.167001642,0.16861118,,,
1519360718,0.170262886,0.168627617,,,
1519360718,0.17086345,0.168649866,,,
1519360718,0.164669308,0.168610255,,,
1519360718,0.163871915,0.168563102,,,
1519360718,0.169216412,0.168569603,,,
1519360718,0.166242436,0.168546445,,,
1519360718,0.165911873,0.168520228,,,
1519360719,0.168590237,0.168520924,,,
1519360719,0.174328414,0.168578716,,,
1519360719,0.171029989,0.168603109,,,
1519360719,0.170840376,0.168625372,,,
1519360719,0.166098952,0.168600231,,,
1519360719,0.168291825,0.168597162,,,
1519360719,0.165131806,0.168562678,,,
1519360719,0.171018822,0.16858712,,,
1519360719,0.165735624,0.168558744,,,
1519360719,0.170264329,0.168575717,,,
1519360719,0.167359204,0.168563611,,,
1519360719,0.168579055,0.168563765,,,
1519360719,0.173743706,0.16861531,,,
1519360719,0.171873522,0.168647733,,,
1519360719,0.171011963,0.168671259,,,
1519360719,0.170874618,0.168693185,,,
1519360719,0.164530785,0.168651765,,,
1519360719,0.168031467,0.168645592,,,
1519360720,0.173412062,0.168693023,,,
1519360720,0.171793492,0.168723875,,,
1519360720,0.172058085,0.168757054,,,
1519360720,0.172724974,0.168796538,,,
1519360720,0.169284183,0.16880139,,,
1519360720,0.166531863,0.168778807,,,
1519360720,0.167822785,0.168769293,,,
1519360720,0.168141804,0.168763049,,,
1519360720,0.167004468,0.16874555,,,
1519360720,0.168849422,0.168746584,,,
1519360720,0.168773355,0.16874685,,,
1519360720,0.16831987,0.168742601,,,
1519360720,0.16258916,0.16868137,,,
1519360720,0.17126971,0.168707126,,,
1519360720,0.169341829,0.168713442,,,
1519360720,0.168704501,0.168713353,,,
1519360720,0.1677294,0.168703562,,,
1519360720,0.165700255,0.168673677,,,
1519360720,0.166862789,0.168655657,,,
1519360721,0.168190504,0.168651029,,,
1519360721,0.163736008,0.168602121,,,
1519360721,0.169532548,0.168611379,,,
1519360721,0.168383314,0.16860911,,,
1519360721,0.172975529,0.168652559,,,
1519360721,0.170076142,0.168666724,,,
1519360721,0.166454709,0.168644713,,,
1519360721,0.166316637,0.168621547,,,
1519360721,0.171389752,0.168649093,,,
1519360721,0.167147589,0.168634152,,,
1519360721,0.168066055,0.168628499,,,
1519360721,0.16084989,0.168551098,,,
1519360721,0.164538726,0.168511172,,,
1519360721,0.173039336,0.16855623,,,
1519360721,0.165372863,0.168524554,,,
1519360721,0.1680895,0.168520225,,,
1519360721,0.170747367,0.168542386,,,
1519360721,0.168833553,0.168545283,,,
1519360722,0.16590242,0.168518985,,,
1519360722,0.17056208,0.168539315,,,
1519360722,0.164752875,0.168501638,,,
1519360722,0.168147534,0.168498115,,,
1519360722,0.16942619,0.16850735,,,
1519360722,0.165704586,0.168479461,,,
1519360722,0.17290738,0.168523521,,,
1519360722,0.171487443,0.168553013,,,
1519360722,0.172207345,0.168589375,,,
1519360722,0.170763263,0.168611006,,,
1519360722,0.167187638,0.168596843,,,
1519360722,0.167488254,0.168585812,,,
1519360722,0.159681756,0.168497213,,,
1519360722,0.174296313,0.168554917,,,
1519360722,0.169659075,0.168565903,,,
1519360722,0.168585908,0.168566102,,,
1519360722,0.166142907,0.168541991,,,
1519360722,0.169115099,0.168547693,,,
1519360723,0.16388698,0.168501318,,,
1519360723,0.165751066,0.168473951,,,
1519360723,0.163739618,0.168426843,,,
1519360723,0.170253172,0.168445016,,,
1519360723,0.170276589,0.168463241,,,
1519360723,0.170819105,0.168486682,,,
1519360723,0.169312644,0.168494901,,,
1519360723,0.169045524,0.16850038,,,
1519360723,0.166053122,0.168476029,,,
1519360723,0.168930899,0.168480555,,,
1519360723,0.169471629,0.168490416,,,
1519360723,0.170175644,0.168507185,,,
1519360723,0.16673446,0.168489546,,,
1519360723,0.170880026,0.168513332,,,
1519360723,0.170939505,0.168537473,,,
1519360723,0.173076814,0.168582641,,,
1519360723,0.168059242,0.168577433,,,
1519360723,0.171189322,0.168603422,,,
1519360724,0.165651174,0.168574046,,,
1519360724,0.168903489,0.168577324,,,
1519360724,0.167738373,0.168568976,,,
1519360724,0.16736781,0.168557024,,,
1519360724,0.167619781,0.168547699,,,
1519360724,0.167046624,0.168532763,,,
1519360724,0.16779821,0.168525454,,,
1519360724,0.16967528,0.168536895,,,
1519360724,0.165447854,0.168506158,,,
1519360724,0.170837486,0.168529355,,,
1519360724,0.170896249,0.168552906,,,
1519360724,0.169861648,0.168565929,,,
1519360724,0.169527115,0.168575493,,,
1519360724,0.163423754,0.168524232,,,
1519360724,0.16597308,0.168498847,,,
1519360724,0.167133466,0.168485261,,,
1519360724,0.171214917,0.168512422,,,
1519360724,0.16959669,0.168523211,,,
1519360725,0.171361635,0.168551454,,,
1519360725,0.172000413,0.168585772,,,
1519360725,0.168488921,0.168584808,,,
1519360725,0.167696933,0.168575973,,,
1519360725,0.167944938,0.168569694,,,
1519360725,0.172652893,0.168610323,,,
1519360725,0.170610382,0.168630224,,,
1519360725,0.171415346,0.168657937,,,
1519360725,0.168801094,0.168659361,,,
1519360725,0.171239093,0.16868503,,,
1519360725,0.1713346,0.168711394,,,
1519360725,0.167530412,0.168699643,,,
1519360725,0.166997612,0.168682707,,,
1519360725,0.171974101,0.168715458,,,
1519360725,0.16669441,0.168695348,,,
1519360725,0.17283278,0.168736516,,,
1519360725,0.165948904,0.168708779,,,
1519360725,0.169622293,0.168717868,,,
1519360726,0.163970184,0.168670628,,,
1519360726,0.17082271,0.168692042,,,
1519360726,0.171154716,0.168716546,,,
1519360726,0.168409968,0.168713495,,,
1519360726,0.169917522,0.168725476,,,
1519360726,0.170166977,0.168739819,,,
1519360726,0.169181402,0.168744213,,,
1519360726,0.168786668,0.168744635,,,
1519360726,0.173867749,0.168795611,,,
1519360726,0.17248888,0.16883236,,,
1519360726,0.171948151,0.168863363,,,
1519360726,0.171882542,0.168893404,,,
1519360726,0.166019925,0.168864812,,,
1519360726,0.168586235,0.16886204,,,
1519360726,0.162911425,0.168802831,,,
1519360726,0.172220318,0.168836835,,,
1519360726,0.167940248,0.168827914,,,
1519360726,0.171187519,0.168851393,,,
1519360726,0.16779609,0.168840892,,,
1519360727,0.169807579,0.168850511,,,
1519360727,0.167423317,0.16883631,,,
1519360727,0.171200857,0.168859838,,,
1519360727,0.170797473,0.168879117,,,
1519360727,0.168854441,0.168878872,,,
1519360727,0.167235511,0.16886252,,,
1519360727,0.171877856,0.168892523,,,
1519360727,0.165474127,0.16885851,,,
1519360727,0.174732555,0.168916957,,,
1519360727,0.165843668,0.168886378,,,
1519360727,0.166165214,0.168859302,,,
1519360727,0.165814078,0.168829001,,,
1519360727,0.171169135,0.168852286,,,
1519360727,0.174249835,0.168905992,,,
1519360727,0.171214197,0.168928959,,,
1519360727,0.170480961,0.168944402,,,
1519360727,0.170246647,0.16895736,,,
1519360727,0.169912474,0.168966863,,,
1519360728,0.16919763,0.168969159,,,
1519360728,0.168138197,0.168960891,,,
1519360728,0.166331792,0.168934731,,,
1519360728,0.167683586,0.168922282,,,
1519360728,0.167161245,0.168904759,,,
1519360728,0.167947102,0.168895231,,,
1519360728,0.170267558,0.168908886,,,
1519360728,0.167819853,0.168898049,,,
1519360728,0.168236912,0.168891471,,,
1519360728,0.168983855,0.16889239,,,
1519360728,0.17492614,0.168952427,,,
1519360728,0.169328847,0.168956172,,,
1519360728,0.170841451,0.168974931,,,
1519360728,0.170682835,0.168991925,,,
1519360728,0.172925801,0.169031068,,,
1519360728,0.17161506,0.169056779,,,
1519360728,0.172179233,0.169087848,,,
1519360728,0.166274421,0.169059854,,,
1519360729,0.17526901,0.169121636,,,
1519360729,0.169639582,0.16912679,,,
1519360729,0.168062087,0.169116196,,,
1519360729,0.168321276,0.169108286,,,
1519360729,0.167272981,0.169090024,,,
1519360729,0.169418957,0.169093297,,,
1519360729,0.16733426,0.169075795,,,
1519360729,0.169310456,0.16907813,,,
1519360729,0.167659418,0.169064013,,,
1519360729,0.166938805,0.169042867,,,
1519360729,0.167849751,0.169030995,,,
1519360729,0.169280887,0.169033482,,,
1519360729,0.166679618,0.169010061,,,
1519360729,0.166594526,0.168986026,,,
1519360729,0.174666635,0.169042549,,,
1519360729,0.17155595,0.169067557,,,
1519360729,0.166906697,0.169046056,,,
1519360729,0.166937722,0.169025078,,,
1519360730,0.167056313,0.169005489,,,
1519360730,0.167643546,0.168991937,,,
1519360730,0.167362353,0.168975723,,,
1519360730,0.168625156,0.168972234,,,
1519360730,0.167460427,0.168957192,,,
1519360730,0.16997628,0.168967332,,,
1519360730,0.166461505,0.168942398,,,
1519360730,0.170436623,0.168957266,,,
1519360730,0.167553048,0.168943294,,,
1519360730,0.166647869,0.168920454,,,
1519360730,0.166860208,0.168899954,,,
1519360730,0.166518815,0.168876262,,,
1519360730,0.169347238,0.168880948,,,
1519360730,0.168050545,0.168872685,,,
1519360730,0.169374646,0.16887768,,,
1519360730,0.166048368,0.168849528,,,
1519360730,0.167231495,0.168833428,,,
1519360730,0.168682861,0.16883193,,,
1519360730,0.168751715,0.168831132,,,
1519360731,0.166271895,0.168805667,,,
1519360731,0.169696537,0.168814531,,,
1519360731,0.16878198,0.168814208,,,
1519360731,0.172621539,0.168852091,,,
1519360731,0.170877139,0.168872241,,,
1519360731,0.173716715,0.168920444,,,
1519360731,0.169807939,0.168929274,,,
1519360731,0.165236955,0.168892535,,,
1519360731,0.163995037,0.168843805,,,
1519360731,0.170254975,0.168857846,,,
1519360731,0.168394135,0.168853232,,,
1519360731,0.167926223,0.168844008,,,
1519360731,0.167887265,0.168834488,,,
1519360731,0.167443572,0.168820649,,,
1519360731,0.173967225,0.168871858,,,
1519360731,0.169603902,0.168879142,,,
1519360731,0.169431267,0.168884635,,,
1519360731,0.172278345,0.168918403,,,
1519360732,0.165278459,0.168882185,,,
1519360732,0.168588794,0.168879266,,,
1519360732,0.164994733,0.168840614,,,
1519360732,0.166089502,0.16881324,,,
1519360732,0.171281247,0.168837797,,,
1519360732,0.170703745,0.168856364,,,
1519360732,0.169747379,0.16886523,,,
1519360732,0.167262158,0.168849279,,,
1519360732,0.163830664,0.168799343,,,
1519360732,0.170679591,0.168818052,,,
1519360732,0.171812247,0.168847844,,,
1519360732,0.168080844,0.168840213,,,
1519360732,0.172225363,0.168873895,,,
1519360732,0.173527093,0.168920195,,,
1519360732,0.170527829,0.168936191,,,
1519360732,0.165153301,0.168898551,,,
1519360732,0.169465473,0.168904192,,,
1519360732,0.169468454,0.168909807,,,
1519360733,0.167837576,0.168899138,,,
1519360733,0.16864791,0.168896638,,,
1519360733,0.16638441,0.168871641,,,
1519360733,0.174159367,0.168924254,,,
1519360733,0.167943855,0.168914499,,,
1519360733,0.163530059,0.168860924,,,
1519360733,0.168870309,0.168861017,,,
1519360733,0.169999356,0.168872344,,,
1519360733,0.169406716,0.168877661,,,
1519360733,0.171509438,0.168903847,,,
1519360733,0.167132797,0.168886225,,,
1519360733,0.174657536,0.16894365,,,
1519360733,0.165744139,0.168911815,,,
1519360733,0.165846194,0.168881311,,,
1519360733,0.167077959,0.168863368,,,
1519360733,0.171762497,0.168892214,,,
1519360733,0.168196551,0.168885293,,,
1519360733,0.16892041,0.168885642,,,
1519360734,0.167075073,0.168867627,,,
1519360734,0.161912495,0.168798422,,,
1519360734,0.166184277,0.168772411,,,
1519360734,0.168763948,0.168772327,,,
1519360734,0.16990382,0.168783585,,,
1519360734,0.169179239,0.168787522,,,
1519360734,0.16999575,0.168799544,,,
1519360734,0.165943491,0.168771126,,,
1519360734,0.165431975,0.168737901,,,
1519360734,0.170807565,0.168758494,,,
1519360734,0.168939163,0.168760292,,,
1519360734,0.169148587,0.168764156,,,
1519360734,0.167608238,0.168752654,,,
1519360734,0.171421837,0.168779213,,,
1519360734,0.166395896,0.168755499,,,
1519360734,0.169968347,0.168767567,,,
1519360734,0.167631643,0.168756264,,,
1519360734,0.168163008,0.168750361,,,
1519360735,0.166591279,0.168728878,,,
1519360735,0.167192581,0.168713592,,,
1519360735,0.164242724,0.168669106,,,
1519360735,0.168048742,0.168662933,,,
1519360735,0.167779092,0.168654139,,,
1519360735,0.169139212,0.168658965,,,
1519360735,0.17095176,0.168681779,,,
1519360735,0.165238759,0.16864752,,,
1519360735,0.168966905,0.168650698,,,
1519360735,0.16540527,0.168618406,,,
1519360735,0.173309007,0.168665078,,,
1519360735,0.164983469,0.168628446,,,
1519360735,0.169609294,0.168638205,,,
1519360735,0.170161569,0.168653363,,,
1519360735,0.166736207,0.168634287,,,
1519360735,0.164761455,0.168595752,,,
1519360735,0.168936999,0.168599147,,,
1519360735,0.169195466,0.168605081,,,
1519360736,0.168188255,0.168600933,,,
1519360736,0.168177074,0.168596716,,,
1519360736,0.17073799,0.168618022,,,
1519360736,0.166999363,0.168601916,,,
1519360736,0.168309013,0.168599001,,,
1519360736,0.166367033,0.168576793,,,
1519360736,0.165398775,0.168545171,,,
1519360736,0.165248792,0.168512372,,,
1519360736,0.169959694,0.168526773,,,
1519360736,0.171508361,0.16855644,,,
1519360736,0.169899133,0.1685698,,,
1519360736,0.168982773,0.168573909,,,
1519360736,0.166860208,0.168556858,,,
1519360736,0.168043692,0.168551752,,,
1519360736,0.173479894,0.168600787,,,
1519360736,0.168824508,0.168603013,,,
1519360736,0.168218158,0.168599184,,,
1519360736,0.168148581,0.1685947,,,
1519360736,0.166117946,0.168570056,,,
1519360737,0.170621192,0.168590465,,,
1519360737,0.168224289,0.168586822,,,
1519360737,0.170285576,0.168603725,,,
1519360737,0.16928846,0.168610538,,,
1519360737,0.170741595,0.168631742,,,
1519360737,0.169152193,0.168636921,,,
1519360737,0.167575773,0.168626362,,,
1519360737,0.166632355,0.168606522,,,
1519360737,0.168009613,0.168600582,,,
1519360737,0.161419177,0.168529126,,,
1519360737,0.16515374,0.168495541,,,
1519360737,0.167404919,0.168484689,,,
1519360737,0.167709877,0.16847698,,,
1519360737,0.16836813,0.168475896,,,
1519360737,0.175626231,0.168547043,,,
1519360737,0.167917885,0.168540783,,,
1519360737,0.167274379,0.168528182,,,
1519360737,0.172389395,0.168566602,,,
1519360738,0.165010536,0.168531218,,,
1519360738,0.166073265,0.168506761,,,
1519360738,0.164946731,0.168471339,,,
1519360738,0.165634213,0.168443109,,,
1519360738,0.167359467,0.168432327,,,
1519360738,0.167047294,0.168418545,,,
1519360738,0.169132743,0.168425652,,,
1519360738,0.165651467,0.168398048,,,
1519360738,0.170926166,0.168423203,,,
1519360738,0.170309005,0.168441967,,,
1519360738,0.168150024,0.168439062,,,
1519360738,0.168651123,0.168441172,,,
1519360738,0.167800374,0.168434796,,,
1519360738,0.167281999,0.168423326,,,
1519360738,0.166895925,0.168408128,,,
1519360738,0.168679254,0.168410826,,,
1519360738,0.167383636,0.168400605,,,
1519360738,0.167392293,0.168390572,,,
1519360739,0.168382917,0.168390496,,,
1519360739,0.164022436,0.168347033,,,
1519360739,0.167297826,0.168336594,,,
1519360739,0.170262142,0.168355753,,,
1519360739,0.162297013,0.168295468,,,
1519360739,0.165657241,0.168269217,,,
1519360739,0.165310792,0.16823978,,,
1519360739,0.170138134,0.168258669,,,
1519360739,0.167751679,0.168253625,,,
1519360739,0.169618669,0.168267207,,,
1519360739,0.167256747,0.168257153,,,
1519360739,0.165958285,0.168234279,,,
1519360739,0.165649663,0.168208562,,,
1519360739,0.170609656,0.168232453,,,
1519360739,0.16559091,0.168206169,,,
1519360739,0.166595197,0.16819014,,,
1519360739,0.165989615,0.168168244,,,
1519360739,0.171346496,0.168199868,,,
1519360740,0.166836759,0.168186305,,,
1519360740,0.167815846,0.168182619,,,
1519360740,0.163656129,0.16813758,,,
1519360740,0.163260309,0.16808905,,,
1519360740,0.168565318,0.168093789,,,
1519360740,0.164532507,0.168058354,,,
1519360740,0.168250978,0.168060271,,,
1519360740,0.165271888,0.168032526,,,
1519360740,0.168958251,0.168041737,,,
1519360740,0.168519184,0.168046488,,,
1519360740,0.168000411,0.168046029,,,
1519360740,0.169155439,0.168057068,,,
1519360740,0.168501151,0.168061487,,,
1519360740,0.163078645,0.168011907,,,
1519360740,0.169552699,0.168027238,,,
1519360740,0.165900913,0.168006081,,,
1519360740,0.163333499,0.167959588,,,
1519360740,0.168996454,0.167969905,,,
1519360740,0.16419941,0.167932388,,,
1519360741,0.164799273,0.167901213,,,
1519360741,0.164812266,0.167870478,,,
1519360741,0.167016679,0.167861982,,,
1519360741,0.16356462,0.167819223,,,
1519360741,0.164594507,0.167787137,,,
1519360741,0.164079743,0.167750248,,,
1519360741,0.163603155,0.167708984,,,
1519360741,0.162009407,0.167652272,,,
1519360741,0.170701582,0.167682613,,,
1519360741,0.163735455,0.167643338,,,
1519360741,0.166762549,0.167634574,,,
1519360741,0.168339033,0.167641584,,,
1519360741,0.166982879,0.16763503,,,
1519360741,0.164993012,0.167608741,,,
1519360741,0.165518875,0.167587947,,,
1519360741,0.16299653,0.167542262,,,
1519360741,0.168244847,0.167549252,,,
1519360741,0.163340817,0.167507378,,,
1519360742,0.165495779,0.167487362,,,
1519360742,0.168180681,0.167494261,,,
1519360742,0.169362723,0.167512852,,,
1519360742,0.165377123,0.167491602,,,
1519360742,0.166261792,0.167479365,,,
1519360742,0.169850459,0.167502957,,,
1519360742,0.161956437,0.167447769,,,
1519360742,0.169741233,0.167470589,,,
1519360742,0.162174567,0.167417893,,,
1519360742,0.167696891,0.167420669,,,
1519360742,0.168912093,0.167435509,,,
1519360742,0.166476244,0.167425964,,,
1519360742,0.163921814,0.167391097,,,
1519360742,0.170690046,0.167423922,,,
1519360742,0.169575401,0.16744533,,,
1519360742,0.170330275,0.167474035,,,
1519360742,0.169627671,0.167495464,,,
1519360742,0.169992854,0.167520314,,,
1519360743,0.165243018,0.167497654,,,
1519360743,0.167759975,0.167500264,,,
1519360743,0.164179919,0.167467227,,,
1519360743,0.166178865,0.167454407,,,
1519360743,0.166616121,0.167446066,,,
1519360743,0.163761085,0.1674094,,,
1519360743,0.168824148,0.167423477,,,
1519360743,0.169140654,0.167440563,,,
1519360743,0.164406703,0.167410376,,,
1519360743,0.165046626,0.167386856,,,
1519360743,0.165840356,0.167371468,,,
1519360743,0.16599178,0.16735774,,,
1519360743,0.166037905,0.167344608,,,
1519360743,0.167281593,0.167343981,,,
1519360743,0.163556678,0.167306297,,,
1519360743,0.163056984,0.167264016,,,
1519360743,0.16973907,0.167288643,,,
1519360743,0.16236381,0.16723964,,,
1519360744,0.168349015,0.167250678,,,
1519360744,0.168034314,0.167258476,,,
1519360744,0.164551275,0.167231539,,,
1519360744,0.164902778,0.167208367,,,
1519360744,0.167778371,0.167214039,,,
1519360744,0.162748435,0.167169605,,,
1519360744,0.172368493,0.167221335,,,
1519360744,0.168811165,0.167237154,,,
1519360744,0.167413533,0.167238909,,,
1519360744,0.165954976,0.167226134,,,
1519360744,0.165793149,0.167211875,,,
1519360744,0.163874253,0.167178666,,,
1519360744,0.165858036,0.167165525,,,
1519360744,0.167072187,0.167164596,,,
1519360744,0.165949986,0.167152511,,,
1519360744,0.164079021,0.167121929,,,
1519360744,0.16867598,0.167137392,,,
1519360744,0.168024832,0.167146222,,,
1519360745,0.168198033,0.167156688,,,
1519360745,0.165548757,0.167140689,,,
1519360745,0.17002963,0.167169434,,,
1519360745,0.162894094,0.167126894,,,
1519360745,0.165329918,0.167109014,,,
1519360745,0.165528188,0.167093285,,,
1519360745,0.16820842,0.16710438,,,
1519360745,0.163687447,0.167070381,,,
1519360745,0.166444908,0.167064158,,,
1519360745,0.165188235,0.167045492,,,
1519360745,0.164840418,0.167023551,,,
1519360745,0.168564957,0.167038889,,,
1519360745,0.175836024,0.167126421,,,
1519360745,0.167927263,0.16713439,,,
1519360745,0.166363843,0.167126723,,,
1519360745,0.170604248,0.167161324,,,
1519360745,0.166957565,0.167159297,,,
1519360745,0.166956483,0.167157279,,,
1519360746,0.172901993,0.16721444,,,
1519360746,0.17603279,0.167302183,,,
1519360746,0.174051209,0.167369337,,,
1519360746,0.174055893,0.167435869,,,
1519360746,0.179324743,0.167554165,,,
1519360746,0.175397238,0.167632204,,,
1519360746,0.173758119,0.167693158,,,
1519360746,0.175380668,0.16776965,,,
1519360746,0.173903748,0.167830685,,,
1519360746,0.169992523,0.167852195,,,
1519360746,0.176526688,0.167938508,,,
1519360746,0.168974867,0.167948819,,,
1519360746,0.171657593,0.167985722,,,
1519360746,0.171605321,0.168021738,,,
1519360746,0.17324409,0.168073701,,,
1519360746,0.172088019,0.168113644,,,
1519360746,0.17544633,0.168186605,,,
1519360746,0.170320548,0.168207838,,,
1519360746,0.171582252,0.168241414,,,
1519360747,0.171526015,0.168274096,,,
1519360747,0.174120029,0.168332264,,,
1519360747,0.167321322,0.168322205,,,
1519360747,0.1707088,0.168345952,,,
1519360747,0.177832029,0.168440339,,,
1519360747,0.173740494,0.168493076,,,
1519360747,0.175717411,0.168564959,,,
1519360747,0.167681422,0.168556168,,,
1519360747,0.172033943,0.168590772,,,
1519360747,0.16908733,0.168595713,,,
1519360747,0.17112155,0.168620846,,,
1519360747,0.169207345,0.168626681,,,
1519360747,0.171129481,0.168651585,,,
1519360747,0.170812976,0.168673091,,,
1519360747,0.173285195,0.168718982,,,
1519360747,0.167816606,0.168710003,,,
1519360747,0.168713486,0.168710038,,,
1519360747,0.170041631,0.168723287,,,
1519360748,0.170948888,0.168745432,,,
1519360748,0.172625487,0.168784039,,,
1519360748,0.167971991,0.168775959,,,
1519360748,0.172779447,0.168815794,,,
1519360748,0.16714785,0.168799198,,,
1519360748,0.163084783,0.168742339,,,
1519360748,0.16356453,0.168690819,,,
1519360748,0.164390101,0.168648026,,,
1519360748,0.164041843,0.168602194,,,
1519360748,0.164192913,0.168558321,,,
1519360748,0.166101349,0.168533874,,,
1519360748,0.167365239,0.168522246,,,
1519360748,0.168669488,0.168523711,,,
1519360748,0.165960389,0.168498206,,,
1519360748,0.160042457,0.16841407,,,
1519360748,0.162741214,0.168357625,,,
1519360748,0.167245564,0.168346559,,,
1519360748,0.160411319,0.168267603,,,
1519360749,0.164828793,0.168233386,,,
1519360749,0.162596638,0.1681773,,,
1519360749,0.163899435,0.168134735,,,
1519360749,0.162374537,0.16807742,,,
1519360749,0.168931926,0.168085922,,,
1519360749,0.159618954,0.168001675,,,
1519360749,0.164759214,0.167969412,,,
1519360749,0.165819428,0.167948019,,,
1519360749,0.161994241,0.167888779,,,
1519360749,0.165019998,0.167860234,,,
1519360749,0.166776922,0.167849455,,,
1519360749,0.167261754,0.167843607,,,
1519360749,0.165436237,0.167819653,,,
1519360749,0.166019143,0.167801738,,,
1519360749,0.167478061,0.167798517,,,
1519360749,0.167586916,0.167796412,,,
1519360749,0.168679586,0.1678052,,,
1519360749,0.164181363,0.167769142,,,
1519360750,0.167785585,0.167769306,,,
1519360750,0.164967229,0.167741425,,,
1519360750,0.168926156,0.167753213,,,
1519360750,0.166973388,0.167745454,,,
1519360750,0.168994651,0.167757883,,,
1519360750,0.168392625,0.167764199,,,
1519360750,0.170234749,0.167788781,,,
1519360750,0.167161557,0.16778254,,,
1519360750,0.168348655,0.167788173,,,
1519360750,0.165168387,0.167762106,,,
1519360750,0.167497178,0.16775947,,,
1519360750,0.16490992,0.167731117,,,
1519360750,0.168085136,0.167734639,,,
1519360750,0.165849016,0.167715877,,,
1519360750,0.166532165,0.167704099,,,
1519360750,0.166221022,0.167689342,,,
1519360750,0.174655109,0.167758652,,,
1519360750,0.165915346,0.167740311,,,
1519360751,0.168861268,0.167751465,,,
1519360751,0.16986488,0.167772494,,,
1519360751,0.166961844,0.167764427,,,
1519360751,0.164957124,0.167736494,,,
1519360751,0.166271534,0.167721918,,,
1519360751,0.169199051,0.167736616,,,
1519360751,0.165466123,0.167714024,,,
1519360751,0.169580449,0.167732595,,,
1519360751,0.162511171,0.167680641,,,
1519360751,0.162145319,0.167625564,,,
1519360751,0.167098473,0.167620319,,,
1519360751,0.169608573,0.167640103,,,
1519360751,0.168262849,0.167646299,,,
1519360751,0.168482398,0.167654619,,,
1519360751,0.170100279,0.167678953,,,
1519360751,0.16424228,0.167644758,,,
1519360751,0.166444187,0.167632812,,,
1519360751,0.170981683,0.167666134,,,
1519360751,0.166734713,0.167656866,,,
1519360752,0.16159842,0.167596584,,,
1519360752,0.163578969,0.167556608,,,
1519360752,0.17015976,0.16758251,,,
1519360752,0.167753844,0.167584214,,,
1519360752,0.169601722,0.167604289,,,
1519360752,0.165925089,0.167587581,,,
1519360752,0.163789513,0.167549789,,,
1519360752,0.166222465,0.167536582,,,
1519360752,0.165343875,0.167514765,,,
1519360752,0.164668498,0.167486444,,,
1519360752,0.169025689,0.16750176,,,
1519360752,0.165490727,0.167481749,,,
1519360752,0.170402013,0.167510806,,,
1519360752,0.164997182,0.167485796,,,
1519360752,0.168419313,0.167495084,,,
1519360752,0.163553069,0.167455861,,,
1519360752,0.170460773,0.16748576,,,
1519360752,0.166367393,0.167474632,,,
1519360753,0.174172017,0.167541272,,,
1519360753,0.165423968,0.167520204,,,
1519360753,0.165638116,0.167501477,,,
1519360753,0.164326296,0.167469884,,,
1519360753,0.166484181,0.167460076,,,
1519360753,0.17015219,0.167486863,,,
1519360753,0.166836398,0.167480391,,,
1519360753,0.163970097,0.167445463,,,
1519360753,0.167509404,0.167446099,,,
1519360753,0.168797159,0.167459542,,,
1519360753,0.169181042,0.167476671,,,
1519360753,0.167955721,0.167481438,,,
1519360753,0.16611506,0.167467842,,,
1519360753,0.164728612,0.167440587,,,
1519360753,0.164819845,0.16741451,,,
1519360753,0.167963656,0.167419974,,,
1519360753,0.16228448,0.167368875,,,
1519360753,0.159767512,0.167293241,,,
1519360754,0.166617564,0.167286518,,,
1519360754,0.165850039,0.167272225,,,
1519360754,0.160753088,0.167207358,,,
1519360754,0.161927662,0.167154825,,,
1519360754,0.168011989,0.167163354,,,
1519360754,0.165604559,0.167147843,,,
1519360754,0.167267886,0.167149038,,,
1519360754,0.170162284,0.16717902,,,
1519360754,0.164917499,0.167156518,,,
1519360754,0.168481676,0.167169703,,,
1519360754,0.159005713,0.16708847,,,
1519360754,0.166236844,0.167079997,,,
1519360754,0.163787625,0.167047237,,,
1519360754,0.16591601,0.167035981,,,
1519360754,0.158909756,0.166955124,,,
1519360754,0.164074607,0.166926463,,,
1519360754,0.16525486,0.16690983,,,
1519360754,0.163934726,0.166880227,,,
1519360755,0.169876771,0.166910043,,,
1519360755,0.163035684,0.166871493,,,
1519360755,0.161954162,0.166822565,,,
1519360755,0.16573253,0.166811719,,,
1519360755,0.165494268,0.16679861,,,
1519360755,0.163419233,0.166764985,,,
1519360755,0.161296622,0.166710574,,,
1519360755,0.169768986,0.166741006,,,
1519360755,0.165060557,0.166724285,,,
1519360755,0.161768526,0.166674975,,,
1519360755,0.166594114,0.16667417,,,
1519360755,0.168905602,0.166696373,,,
1519360755,0.165922865,0.166688677,,,
1519360755,0.165837772,0.16668021,,,
1519360755,0.165965745,0.166673101,,,
1519360755,0.164023435,0.166646736,,,
1519360755,0.169149292,0.166671637,,,
1519360755,0.164921398,0.166654222,,,
1519360756,0.167390448,0.166661548,,,
1519360756,0.169631637,0.1666911,,,
1519360756,0.162904466,0.166653423,,,
1519360756,0.165146014,0.166638424,,,
1519360756,0.167976607,0.166651739,,,
1519360756,0.165638777,0.16664166,,,
1519360756,0.165682379,0.166632115,,,
1519360756,0.164768888,0.166613576,,,
1519360756,0.160688078,0.166554616,,,
1519360756,0.163475458,0.166523978,,,
1519360756,0.165129414,0.166510102,,,
1519360756,0.165983784,0.166504865,,,
1519360756,0.160129377,0.166441428,,,
1519360756,0.161406536,0.16639133,,,
1519360756,0.164305001,0.166370571,,,
1519360756,0.161510061,0.166322209,,,
1519360756,0.162679117,0.166285959,,,
1519360756,0.160958101,0.166232946,,,
1519360756,0.165858537,0.166229221,,,
1519360757,0.163068276,0.166197769,,,
1519360757,0.162382586,0.166159808,,,
1519360757,0.165179213,0.166150051,,,
1519360757,0.163940139,0.166128062,,,
1519360757,0.167589802,0.166142606,,,
1519360757,0.162933975,0.16611068,,,
1519360757,0.162162544,0.166071396,,,
1519360757,0.161435063,0.166025263,,,
1519360757,0.166150361,0.166026508,,,
1519360757,0.162731105,0.165993719,,,
1519360757,0.163934448,0.165973229,,,
1519360757,0.164567799,0.165959244,,,
1519360757,0.162881361,0.165928619,,,
1519360757,0.164862645,0.165918012,,,
1519360757,0.164471152,0.165903616,,,
1519360757,0.162932892,0.165874057,,,
1519360757,0.164106652,0.165856471,,,
1519360757,0.164028488,0.165838282,,,
1519360758,0.163288375,0.16581291,,,
1519360758,0.162430759,0.165779258,,,
1519360758,0.163470493,0.165756285,,,
1519360758,0.167105328,0.165769708,,,
1519360758,0.161204166,0.165724281,,,
1519360758,0.163656851,0.165703709,,,
1519360758,0.165965079,0.16570631,,,
1519360758,0.166514486,0.165714351,,,
1519360758,0.16430464,0.165700325,,,
1519360758,0.165438763,0.165697722,,,
1519360758,0.164248776,0.165683305,,,
1519360758,0.162124737,0.165647897,,,
1519360758,0.167990673,0.165671208,,,
1519360758,0.163597653,0.165650575,,,
1519360758,0.159360854,0.165587992,,,
1519360758,0.16520188,0.16558415,,,
1519360758,0.165159365,0.165579923,,,
1519360758,0.163241176,0.165556653,,,
1519360759,0.15794043,0.16548087,,,
1519360759,0.16329379,0.165459109,,,
1519360759,0.162802755,0.165432677,,,
1519360759,0.163958186,0.165418006,,,
1519360759,0.161170819,0.165375746,,,
1519360759,0.16090152,0.165331227,,,
1519360759,0.16305978,0.165308626,,,
1519360759,0.160682661,0.165262597,,,
1519360759,0.163964243,0.165249678,,,
1519360759,0.160307553,0.165200503,,,
1519360759,0.161224512,0.165160942,,,
1519360759,0.163135858,0.165140792,,,
1519360759,0.165766448,0.165147017,,,
1519360759,0.167313296,0.165168572,,,
1519360759,0.16545602,0.165171432,,,
1519360759,0.161569893,0.165135596,,,
1519360759,0.165443391,0.165138659,,,
1519360759,0.16186075,0.165106043,,,
1519360760,0.16321699,0.165087247,,,
1519360760,0.162152796,0.165058049,,,
1519360760,0.165424628,0.165061696,,,
1519360760,0.162803026,0.165039222,,,
1519360760,0.162668287,0.165015631,,,
1519360760,0.162157128,0.164987189,,,
1519360760,0.161650921,0.164953992,,,
1519360760,0.164691369,0.164951379,,,
1519360760,0.162147019,0.164923476,,,
1519360760,0.161764916,0.164892048,,,
1519360760,0.162498896,0.164868235,,,
1519360760,0.158206119,0.164801946,,,
1519360760,0.163336297,0.164787363,,,
1519360760,0.162807448,0.164767663,,,
1519360760,0.163939779,0.164759425,,,
1519360760,0.166906651,0.16478079,,,
1519360760,0.165788398,0.164790816,,,
1519360760,0.162347458,0.164766504,,,
1519360761,0.165451329,0.164773319,,,
1519360761,0.163018717,0.16475586,,,
1519360761,0.159658554,0.164705141,,,
1519360761,0.16135537,0.164671811,,,
1519360761,0.165271459,0.164677777,,,
1519360761,0.161316122,0.164644328,,,
1519360761,0.163581135,0.164633749,,,
1519360761,0.16481941,0.164635597,,,
1519360761,0.163889328,0.164628171,,,
1519360761,0.163837106,0.1646203,,,
1519360761,0.167199848,0.164645967,,,
1519360761,0.166589475,0.164665305,,,
1519360761,0.164653258,0.164665185,,,
1519360761,0.164233617,0.164660891,,,
1519360761,0.160639082,0.164620873,,,
1519360761,0.164109257,0.164615783,,,
1519360761,0.163945193,0.16460911,,,
1519360761,0.166675288,0.164629669,,,
1519360762,0.164889711,0.164632257,,,
1519360762,0.162914574,0.164615165,,,
1519360762,0.159337733,0.164562654,,,
1519360762,0.156805919,0.164485474,,,
1519360762,0.164208353,0.164482716,,,
1519360762,0.159372053,0.164431865,,,
1519360762,0.162303979,0.164410692,,,
1519360762,0.161251957,0.164379262,,,
1519360762,0.164728539,0.164382737,,,
1519360762,0.165788759,0.164396728,,,
1519360762,0.164471513,0.164397472,,,
1519360762,0.167920736,0.164432529,,,
1519360762,0.160337402,0.164391782,,,
1519360762,0.161518367,0.164363191,,,
1519360762,0.166139537,0.164380866,,,
1519360762,0.166129435,0.164398264,,,
1519360762,0.168591618,0.164439988,,,
1519360762,0.164664372,0.164442221,,,
1519360762,0.158445431,0.164382552,,,
1519360763,0.163076385,0.164369556,,,
1519360763,0.161194654,0.164337965,,,
1519360763,0.164217737,0.164336769,,,
1519360763,0.160197515,0.164295583,,,
1519360763,0.164447047,0.16429709,,,
1519360763,0.165685323,0.164310903,,,
1519360763,0.167272936,0.164340376,,,
1519360763,0.161936215,0.164316454,,,
1519360763,0.162971519,0.164303072,,,
1519360763,0.164349678,0.164303535,,,
1519360763,0.165014073,0.164310605,,,
1519360763,0.160674716,0.164274428,,,
1519360763,0.163005721,0.164261804,,,
1519360763,0.162613146,0.1642454,,,
1519360763,0.165465401,0.164257539,,,
1519360763,0.162227071,0.164237335,,,
1519360763,0.162087908,0.164215948,,,
1519360763,0.162110553,0.164194999,,,
1519360764,0.158044186,0.164133798,,,
1519360764,0.1644124,0.16413657,,,
1519360764,0.159339178,0.164088835,,,
1519360764,0.154654558,0.163994963,,,
1519360764,0.163793484,0.163992958,,,
1519360764,0.158032779,0.163933654,,,
1519360764,0.162971158,0.163924077,,,
1519360764,0.162102712,0.163905954,,,
1519360764,0.161671142,0.163883717,,,
1519360764,0.158716179,0.1638323,,,
1519360764,0.164647772,0.163840414,,,
1519360764,0.169867398,0.163900383,,,
1519360764,0.16378979,0.163899283,,,
1519360764,0.159729581,0.163857794,,,
1519360764,0.163206521,0.163851313,,,
1519360764,0.165943431,0.16387213,,,
1519360764,0.162454949,0.163858029,,,
1519360764,0.167743384,0.163896689,,,
1519360765,0.162792743,0.163885704,,,
1519360765,0.160170064,0.163848733,,,
1519360765,0.162544287,0.163835754,,,
1519360765,0.161168653,0.163809216,,,
1519360765,0.162728481,0.163798463,,,
1519360765,0.16382047,0.163798682,,,
1519360765,0.162678395,0.163787535,,,
1519360765,0.164573213,0.163795352,,,
1519360765,0.162939029,0.163786832,,,
1519360765,0.160003577,0.163749188,,,
1519360765,0.165512248,0.16376673,,,
1519360765,0.159380944,0.163723091,,,
1519360765,0.163228181,0.163718167,,,
1519360765,0.166399089,0.163744842,,,
1519360765,0.160530256,0.163712857,,,
1519360765,0.161859412,0.163694415,,,
1519360765,0.159597641,0.163653651,,,
1519360765,0.159698877,0.163614301,,,
1519360766,0.161505011,0.163593313,,,
1519360766,0.162781291,0.163585234,,,
1519360766,0.162082599,0.163570282,,,
1519360766,0.162693658,0.16356156,,,
1519360766,0.163427175,0.163560222,,,
1519360766,0.162681644,0.16355148,,,
1519360766,0.163440892,0.16355038,,,
1519360766,0.160126126,0.163516308,,,
1519360766,0.162378869,0.163504991,,,
1519360766,0.159876923,0.163468891,,,
1519360766,0.159717437,0.163431564,,,
1519360766,0.160552494,0.163402916,,,
1519360766,0.165543416,0.163424215,,,
1519360766,0.163182617,0.163421811,,,
1519360766,0.161839546,0.163406067,,,
1519360766,0.160246778,0.163374632,,,
1519360766,0.161469488,0.163355675,,,
1519360766,0.159759345,0.163319891,,,
1519360767,0.161601819,0.163302796,,,
1519360767,0.159981605,0.16326975,,,
1519360767,0.166954308,0.163306412,,,
1519360767,0.165054377,0.163323804,,,
1519360767,0.160571705,0.163296421,,,
1519360767,0.160842665,0.163272005,,,
1519360767,0.161038043,0.163249777,,,
1519360767,0.166159025,0.163278725,,,
1519360767,0.162485057,0.163270827,,,
1519360767,0.162092898,0.163259107,,,
1519360767,0.157298476,0.163199798,,,
1519360767,0.155838483,0.163126552,,,
1519360767,0.161893595,0.163114284,,,
1519360767,0.161947773,0.163102677,,,
1519360767,0.162542825,0.163097106,,,
1519360767,0.167176024,0.163137692,,,
1519360767,0.161098145,0.163117398,,,
1519360767,0.167553501,0.163161538,,,
1519360768,0.168701255,0.163216659,,,
1519360768,0.16193994,0.163203955,,,
1519360768,0.1634464,0.163206368,,,
1519360768,0.16401269,0.163214391,,,
1519360768,0.162373559,0.163206024,,,
1519360768,0.161831837,0.163192351,,,
1519360768,0.164881123,0.163209155,,,
1519360768,0.164244529,0.163219457,,,
1519360768,0.156184354,0.163149457,,,
1519360768,0.163438458,0.163152332,,,
1519360768,0.160931967,0.163130239,,,
1519360768,0.162280768,0.163121787,,,
1519360768,0.160629271,0.163096986,,,
1519360768,0.163577455,0.163101767,,,
1519360768,0.158627894,0.163057251,,,
1519360768,0.162120754,0.163047933,,,
1519360768,0.165531945,0.163072649,,,
1519360769,0.162931099,0.163071241,,,
1519360769,0.157834677,0.163019136,,,
1519360769,0.156418847,0.162953463,,,
1519360769,0.158544781,0.162909596,,,
1519360769,0.160412973,0.162884754,,,
1519360769,0.164473668,0.162900564,,,
1519360769,0.162417367,0.162895756,,,
1519360769,0.162129061,0.162888127,,,
1519360769,0.15837235,0.162843195,,,
1519360769,0.161317625,0.162828015,,,
1519360769,0.15424538,0.162742617,,,
1519360769,0.159000396,0.162705381,,,
1519360769,0.159173571,0.162670239,,,
1519360769,0.162407502,0.162667625,,,
1519360769,0.162144216,0.162662417,,,
1519360769,0.160721442,0.162643104,,,
1519360769,0.161638935,0.162633112,,,
1519360770,0.159732324,0.162604249,,,
1519360770,0.162022048,0.162598456,,,
1519360770,0.163019386,0.162602645,,,
1519360770,0.158661356,0.162563428,,,
1519360770,0.159124548,0.162529211,,,
1519360770,0.161023367,0.162514228,,,
1519360770,0.154512877,0.162434613,,,
1519360770,0.164854407,0.16245869,,,
1519360770,0.161246557,0.16244663,,,
1519360770,0.15256279,0.162348284,,,
1519360770,0.163074052,0.162355506,,,
1519360770,0.159546407,0.162327555,,,
1519360770,0.162156209,0.16232585,,,
1519360770,0.158420896,0.162286995,,,
1519360770,0.160092703,0.162265162,,,
1519360770,0.158530487,0.162228001,,,
1519360770,0.158017564,0.162186107,,,
1519360771,0.154989733,0.162114502,,,
1519360771,0.160507182,0.162098509,,,
1519360771,0.159303857,0.162070702,,,
1519360771,0.160993386,0.162059982,,,
1519360771,0.157326436,0.162012883,,,
1519360771,0.157513138,0.16196811,,,
1519360771,0.16105164,0.161958991,,,
1519360771,0.157391509,0.161913544,,,
1519360771,0.161427234,0.161908705,,,
1519360771,0.154193851,0.161831941,,,
1519360771,0.159598724,0.16180972,,,
1519360771,0.157402547,0.161765869,,,
1519360771,0.163345321,0.161781584,,,
1519360771,0.16081677,0.161771984,,,
1519360771,0.156596255,0.161720485,,,
1519360771,0.161909495,0.161722366,,,
1519360771,0.156105184,0.161666474,,,
1519360771,0.159796997,0.161647873,,,
1519360771,0.161891441,0.161650296,,,
1519360772,0.158234665,0.16161631,,,
1519360772,0.157052262,0.161570897,,,
1519360772,0.164476205,0.161599805,,,
1519360772,0.158728825,0.161571239,,,
1519360772,0.158361756,0.161539304,,,
1519360772,0.161743612,0.161541337,,,
1519360772,0.153785732,0.161464168,,,
1519360772,0.15640395,0.161413818,,,
1519360772,0.156961715,0.161369519,,,
1519360772,0.153408717,0.161290308,,,
1519360772,0.160180539,0.161279266,,,
1519360772,0.163045071,0.161296836,,,
1519360772,0.161737944,0.161301225,,,
1519360772,0.15627255,0.161251189,,,
1519360772,0.164104564,0.16127958,,,
1519360772,0.16120585,0.161278847,,,
1519360772,0.16079486,0.161274031,,,
1519360772,0.157683414,0.161238304,,,
1519360773,0.16378446,0.161263638,,,
1519360773,0.158104531,0.161232205,,,
1519360773,0.155804976,0.161178203,,,
1519360773,0.159144879,0.161157971,,,
1519360773,0.163782655,0.161184087,,,
1519360773,0.163299566,0.161205137,,,
1519360773,0.16170953,0.161210155,,,
1519360773,0.162720738,0.161225186,,,
1519360773,0.158945312,0.161202501,,,
1519360773,0.166316938,0.16125339,,,
1519360773,0.163354438,0.161274296,,,
1519360773,0.158503243,0.161246723,,,
1519360773,0.166591279,0.161299902,,,
1519360773,0.167218148,0.16135879,,,
1519360773,0.162589778,0.161371038,,,
1519360773,0.165294851,0.161410081,,,
1519360773,0.161050796,0.161406506,,,
1519360773,0.162056601,0.161412974,,,
1519360774,0.15688707,0.161367941,,,
1519360774,0.159600169,0.161350351,,,
1519360774,0.161219934,0.161349054,,,
1519360774,0.160809306,0.161343683,,,
1519360774,0.162912769,0.161359296,,,
1519360774,0.162301345,0.161368669,,,
1519360774,0.160458507,0.161359613,,,
1519360774,0.161031656,0.16135635,,,
1519360774,0.161966438,0.16136242,,,
1519360774,0.157539909,0.161324386,,,
1519360774,0.156295865,0.161274351,,,
1519360774,0.159457391,0.161256272,,,
1519360774,0.156074819,0.161204716,,,
1519360774,0.162604121,0.161218641,,,
1519360774,0.159896702,0.161205487,,,
1519360774,0.162737243,0.161220728,,,
1519360774,0.150491444,0.161113971,,,
1519360774,0.155517596,0.161058286,,,
1519360775,0.157185468,0.161019751,,,
1519360775,0.154351316,0.160953399,,,
1519360775,0.156375755,0.160907851,,,
1519360775,0.160222077,0.160901028,,,
1519360775,0.151347356,0.160805967,,,
1519360775,0.157733845,0.160775399,,,
1519360775,0.154774567,0.16071569,,,
1519360775,0.155399205,0.160662791,,,
1519360775,0.155378786,0.160610214,,,
1519360775,0.153694447,0.160541401,,,
1519360775,0.155084173,0.160487101,,,
1519360775,0.157007807,0.160452482,,,
1519360775,0.162612424,0.160473973,,,
1519360775,0.157651975,0.160445894,,,
1519360775,0.156658436,0.160408209,,,
1519360775,0.155434634,0.160358721,,,
1519360775,0.154642264,0.160301841,,,
1519360775,0.160141169,0.160300243,,,
1519360776,0.156353348,0.160260971,,,
1519360776,0.158157701,0.160240043,,,
1519360776,0.153566122,0.160173636,,,
1519360776,0.152832124,0.160100587,,,
1519360776,0.153809392,0.160037989,,,
1519360776,0.155615916,0.159993989,,,
1519360776,0.158860043,0.159982706,,,
1519360776,0.157977493,0.159962754,,,
1519360776,0.157195238,0.159935217,,,
1519360776,0.159963122,0.159935495,,,
1519360776,0.158902531,0.159925217,,,
1519360776,0.155421257,0.159880402,,,
1519360776,0.161834754,0.159899848,,,
1519360776,0.157957981,0.159880526,,,
1519360776,0.15785061,0.159860328,,,
1519360776,0.157907186,0.159840894,,,
1519360776,0.157286344,0.159815476,,,
1519360776,0.15652288,0.159782714,,,
1519360776,0.15938984,0.159778805,,,
1519360777,0.158022868,0.159761333,,,
1519360777,0.155896428,0.159722877,,,
1519360777,0.158129308,0.159707021,,,
1519360777,0.158158577,0.159691613,,,
1519360777,0.154231615,0.159637286,,,
1519360777,0.160287197,0.159643752,,,
1519360777,0.157399496,0.159621422,,,
1519360777,0.155808767,0.159583485,,,
1519360777,0.158867849,0.159576365,,,
1519360777,0.160220768,0.159582777,,,
1519360777,0.16021413,0.159589059,,,
1519360777,0.1570745,0.159564038,,,
1519360777,0.157497597,0.159543477,,,
1519360777,0.157123292,0.159519396,,,
1519360777,0.161781526,0.159541904,,,
1519360777,0.157372354,0.159520317,,,
1519360777,0.160436114,0.159529429,,,
1519360777,0.153942057,0.159473834,,,
1519360778,0.161404121,0.159493041,,,
1519360778,0.163324385,0.159531163,,,
1519360778,0.158723405,0.159523126,,,
1519360778,0.157528344,0.159503278,,,
1519360778,0.165109568,0.159559061,,,
1519360778,0.165516217,0.159618335,,,
1519360778,0.160607661,0.159628179,,,
1519360778,0.155260032,0.159584716,,,
1519360778,0.157897791,0.159567931,,,
1519360778,0.160869379,0.15958088,,,
1519360778,0.157511721,0.159560292,,,
1519360778,0.159482317,0.159559516,,,
1519360778,0.163554423,0.159599266,,,
1519360778,0.160893214,0.159612141,,,
1519360778,0.160322469,0.159619209,,,
1519360778,0.159427408,0.1596173,,,
1519360778,0.16049727,0.159626056,,,
1519360778,0.154669547,0.159576738,,,
1519360779,0.159706694,0.159578031,,,
1519360779,0.15935349,0.159575797,,,
1519360779,0.15498964,0.159530164,,,
1519360779,0.156174952,0.159496779,,,
1519360779,0.155078388,0.159452816,,,
1519360779,0.158008568,0.159438445,,,
1519360779,0.154447246,0.159388782,,,
1519360779,0.157897791,0.159373947,,,
1519360779,0.15891373,0.159369368,,,
1519360779,0.155026768,0.159326158,,,
1519360779,0.15506866,0.159283795,,,
1519360779,0.153088993,0.159222156,,,
1519360779,0.1579379,0.159209378,,,
1519360779,0.155736651,0.159174824,,,
1519360779,0.163056892,0.159213451,,,
1519360779,0.157661731,0.159198011,,,
1519360779,0.151445649,0.159120874,,,
1519360779,0.15443242,0.159074223,,,
1519360780,0.159988406,0.15908332,,,
1519360780,0.158466749,0.159077185,,,
1519360780,0.157565045,0.159062139,,,
1519360780,0.158646596,0.159058004,,,
1519360780,0.159754012,0.159064929,,,
1519360780,0.154784496,0.159022339,,,
1519360780,0.154508679,0.158977427,,,
1519360780,0.151371719,0.158901749,,,
1519360780,0.151758139,0.158830669,,,
1519360780,0.151944838,0.158762155,,,
1519360780,0.152326061,0.158698115,,,
1519360780,0.159573799,0.158706828,,,
1519360780,0.157364042,0.158693467,,,
1519360780,0.16297956,0.158736114,,,
1519360780,0.162118708,0.158769771,,,
1519360780,0.162713516,0.158809012,,,
1519360780,0.163638532,0.158857066,,,
1519360780,0.163594491,0.158904204,,,
1519360781,0.160507991,0.158920162,,,
1519360781,0.160166944,0.158932568,,,
1519360781,0.15487091,0.158892154,,,
1519360781,0.158365731,0.158886916,,,
1519360781,0.157210615,0.158870237,,,
1519360781,0.157363879,0.158855248,,,
1519360781,0.15188357,0.158785879,,,
1519360781,0.157692137,0.158774996,,,
1519360781,0.153736188,0.158724859,,,
1519360781,0.15969008,0.158734463,,,
1519360781,0.156524326,0.158712472,,,
1519360781,0.150244783,0.158628218,,,
1519360781,0.156748623,0.158609516,,,
1519360781,0.150372745,0.158527559,,,
1519360781,0.152006107,0.158462669,,,
1519360781,0.159183979,0.158469846,,,
1519360781,0.153779223,0.158423174,,,
1519360781,0.154527119,0.158384408,,,
1519360781,0.157508108,0.158375689,,,
1519360782,0.159299078,0.158384877,,,
1519360782,0.157898152,0.158380034,,,
1519360782,0.160429613,0.158400427,,,
1519360782,0.159309916,0.158409477,,,
1519360782,0.160254817,0.158427838,,,
1519360782,0.159567658,0.158439179,,,
1519360782,0.156887431,0.158423739,,,
1519360782,0.155874376,0.158398373,,,
1519360782,0.159360714,0.158407948,,,
1519360782,0.158954051,0.158413382,,,
1519360782,0.160493055,0.158434075,,,
1519360782,0.15365539,0.158386526,,,
1519360782,0.161276038,0.158415277,,,
1519360782,0.165031328,0.158481108,,,
1519360782,0.157941721,0.158475741,,,
1519360782,0.157732244,0.158468343,,,
1519360782,0.153776485,0.158421659,,,
1519360782,0.152790168,0.158365625,,,
1519360783,0.152648318,0.158308737,,,
1519360783,0.155864077,0.158284412,,,
1519360783,0.152317741,0.158225043,,,
1519360783,0.156737973,0.158210246,,,
1519360783,0.157669886,0.15820487,,,
1519360783,0.154821544,0.158171205,,,
1519360783,0.154355042,0.158133234,,,
1519360783,0.15493505,0.158101412,,,
1519360783,0.158664516,0.158107014,,,
1519360783,0.153227738,0.158058465,,,
1519360783,0.152397233,0.158002135,,,
1519360783,0.15132541,0.157935701,,,
1519360783,0.155556992,0.157912032,,,
1519360783,0.161020461,0.157942962,,,
1519360783,0.156426548,0.157927873,,,
1519360783,0.154558576,0.157894348,,,
1519360783,0.151458312,0.157830309,,,
1519360783,0.154158574,0.157793775,,,
1519360784,0.158043422,0.157796259,,,
1519360784,0.149574839,0.157714455,,,
1519360784,0.154180109,0.157679287,,,
1519360784,0.154014537,0.157642823,,,
1519360784,0.147101779,0.157537938,,,
1519360784,0.149085271,0.157453833,,,
1519360784,0.154564889,0.157425087,,,
1519360784,0.155224604,0.157403192,,,
1519360784,0.159685023,0.157425897,,,
1519360784,0.152723835,0.157379111,,,
1519360784,0.151985716,0.157325446,,,
1519360784,0.15149136,0.157267396,,,
1519360784,0.153796374,0.157232859,,,
1519360784,0.149117945,0.157152114,,,
1519360784,0.154168336,0.157122425,,,
1519360784,0.15657242,0.157116953,,,
1519360784,0.153672183,0.157082677,,,
1519360784,0.153493071,0.15704696,,,
1519360785,0.152722749,0.157003933,,,
1519360785,0.152911622,0.156963214,,,
1519360785,0.151506684,0.156908921,,,
1519360785,0.14925387,0.156832753,,,
1519360785,0.14941911,0.156758986,,,
1519360785,0.155691104,0.15674836,,,
1519360785,0.15594776,0.156740394,,,
1519360785,0.153541168,0.156708562,,,
1519360785,0.15097336,0.156651496,,,
1519360785,0.151511982,0.156600357,,,
1519360785,0.14961992,0.156530901,,,
1519360785,0.153241842,0.156498174,,,
1519360785,0.1560553,0.156493767,,,
1519360785,0.149161738,0.156420813,,,
1519360785,0.154493132,0.156401632,,,
1519360785,0.152301601,0.156360836,,,
1519360785,0.15580172,0.156355273,,,
1519360785,0.151590382,0.156307862,,,
1519360786,0.153071413,0.156275659,,,
1519360786,0.158381482,0.156296612,,,
1519360786,0.15201913,0.15625405,,,
1519360786,0.154408555,0.156235688,,,
1519360786,0.151161866,0.156185202,,,
1519360786,0.156874253,0.156192058,,,
1519360786,0.152912345,0.156159425,,,
1519360786,0.157595965,0.156173719,,,
1519360786,0.154503091,0.156157096,,,
1519360786,0.153684682,0.156132495,,,
1519360786,0.153491263,0.156106214,,,
1519360786,0.156647232,0.156111598,,,
1519360786,0.152356582,0.156074235,,,
1519360786,0.159942172,0.156112721,,,
1519360786,0.156361661,0.156115198,,,
1519360786,0.156070481,0.156114753,,,
1519360786,0.157495821,0.156128495,,,
1519360786,0.152557389,0.156092962,,,
1519360786,0.158571338,0.156117622,,,
1519360787,0.147245475,0.156029343,,,
1519360787,0.153036768,0.155999567,,,
1519360787,0.151444926,0.155954247,,,
1519360787,0.158965973,0.155984214,,,
1519360787,0.151706277,0.155941648,,,
1519360787,0.153262817,0.155914994,,,
1519360787,0.154988194,0.155905772,,,
1519360787,0.150464161,0.155851627,,,
1519360787,0.150972998,0.155803084,,,
1519360787,0.148827808,0.155733679,,,
1519360787,0.157282893,0.155749094,,,
1519360787,0.14809851,0.15567297,,,
1519360787,0.154669547,0.155662986,,,
1519360787,0.152465013,0.155631166,,,
1519360787,0.153890348,0.155613844,,,
1519360787,0.153713768,0.155594938,,,
1519360787,0.151696871,0.155556152,,,
1519360787,0.154391199,0.155544561,,,
1519360788,0.153643819,0.155525648,,,
1519360788,0.150881338,0.155479436,,,
1519360788,0.150063989,0.155425552,,,
1519360788,0.154077054,0.155412134,,,
1519360788,0.150447763,0.155362738,,,
1519360788,0.156414432,0.155373203,,,
1519360788,0.153512447,0.155354688,,,
1519360788,0.152355496,0.155324846,,,
1519360788,0.151749095,0.155289267,,,
1519360788,0.150755546,0.155244155,,,
1519360788,0.156195917,0.155253626,,,
1519360788,0.155321304,0.155254299,,,
1519360788,0.155789608,0.155259625,,,
1519360788,0.150956716,0.155216811,,,
1519360788,0.152329814,0.155188085,,,
1519360788,0.150355738,0.155140002,,,
1519360788,0.155961496,0.155148176,,,
1519360788,0.151861141,0.15511547,,,
1519360789,0.149295129,0.155057557,,,
1519360789,0.155216476,0.155059138,,,
1519360789,0.157073777,0.155079184,,,
1519360789,0.150222348,0.155030858,,,
1519360789,0.155291298,0.155033449,,,
1519360789,0.152463566,0.155007879,,,
1519360789,0.157298473,0.15503067,,,
1519360789,0.153774677,0.155018173,,,
1519360789,0.154342749,0.155011453,,,
1519360789,0.153749726,0.154998898,,,
1519360789,0.150993743,0.154959046,,,
1519360789,0.155147425,0.154960921,,,
1519360789,0.150879167,0.154920307,,,
1519360789,0.152110558,0.154892349,,,
1519360789,0.150691022,0.154850546,,,
1519360789,0.151137264,0.154813598,,,
1519360789,0.147929279,0.154745098,,,
1519360789,0.147831811,0.15467631,,,
1519360790,0.151850157,0.15464819,,,
1519360790,0.152810784,0.154629907,,,
1519360790,0.150158547,0.154585417,,,
1519360790,0.152660033,0.154566259,,,
1519360790,0.151701344,0.154537753,,,
1519360790,0.151027391,0.154502824,,,
1519360790,0.151557824,0.154473521,,,
1519360790,0.152297984,0.154451874,,,
1519360790,0.152837332,0.154435809,,,
1519360790,0.149421281,0.154385914,,,
1519360790,0.154735327,0.154389391,,,
1519360790,0.155412758,0.154399573,,,
1519360790,0.148073977,0.154336633,,,
1519360790,0.15196704,0.154313055,,,
1519360790,0.147622311,0.154246481,,,
1519360790,0.151877782,0.154222912,,,
1519360790,0.14941151,0.154175038,,,
1519360790,0.14850311,0.154118602,,,
1519360790,0.151321069,0.154090766,,,
1519360791,0.152588636,0.15407582,,,
1519360791,0.149729425,0.154032573,,,
1519360791,0.149999464,0.153992443,,,
1519360791,0.154675862,0.153999243,,,
1519360791,0.152928621,0.15398859,,,
1519360791,0.153493794,0.153983667,,,
1519360791,0.155926796,0.154003001,,,
1519360791,0.14876048,0.153950837,,,
1519360791,0.148787266,0.153899459,,,
1519360791,0.154453916,0.153904976,,,
1519360791,0.149433224,0.153860482,,,
1519360791,0.147940586,0.153801578,,,
1519360791,0.154670439,0.153810223,,,
1519360791,0.153876607,0.153810884,,,
1519360791,0.15571623,0.153829842,,,
1519360791,0.15342276,0.153825792,,,
1519360791,0.15024164,0.153790129,,,
1519360791,0.149176317,0.153744221,,,
1519360792,0.149256766,0.15369957,,,
1519360792,0.154174483,0.153704296,,,
1519360792,0.15245163,0.153691831,,,
1519360792,0.154501448,0.153699887,,,
1519360792,0.15408991,0.153703768,,,
1519360792,0.151333731,0.153680186,,,
1519360792,0.150277463,0.153646328,,,
1519360792,0.148928354,0.153599384,,,
1519360792,0.154083201,0.153604198,,,
1519360792,0.151769716,0.153585945,,,
1519360792,0.152980849,0.153579924,,,
1519360792,0.150133579,0.153545632,,,
1519360792,0.151010748,0.15352041,,,
1519360792,0.15311026,0.153516329,,,
1519360792,0.152851799,0.153509717,,,
1519360792,0.15166178,0.153491329,,,
1519360792,0.1553598,0.153509921,,,
1519360792,0.150825136,0.153483207,,,
1519360793,0.15142892,0.153462767,,,
1519360793,0.148103503,0.153409441,,,
1519360793,0.156614513,0.153441332,,,
1519360793,0.150255896,0.153409637,,,
1519360793,0.15290569,0.153404622,,,
1519360793,0.1546587,0.153417101,,,
1519360793,0.153280538,0.153415742,,,
1519360793,0.150517352,0.153386902,,,
1519360793,0.155103868,0.153403986,,,
1519360793,0.152533246,0.153395322,,,
1519360793,0.152055901,0.153381995,,,
1519360793,0.155345887,0.153401536,,,
1519360793,0.146693208,0.153334787,,,
1519360793,0.149995375,0.15330156,,,
1519360793,0.149492681,0.153263661,,,
1519360793,0.149603634,0.153227243,,,
1519360793,0.154138162,0.153236307,,,
1519360793,0.154507233,0.153248953,,,
1519360794,0.150353928,0.153220147,,,
1519360794,0.152791976,0.153215887,,,
1519360794,0.154018675,0.153223874,,,
1519360794,0.14566489,0.153148662,,,
1519360794,0.152951193,0.153146697,,,
1519360794,0.155774064,0.153172839,,,
1519360794,0.153801436,0.153179094,,,
1519360794,0.153827473,0.153185545,,,
1519360794,0.152411339,0.153177842,,,
1519360794,0.150394518,0.153150148,,,
1519360794,0.153847938,0.153157091,,,
1519360794,0.150774248,0.153133381,,,
1519360794,0.150204144,0.153104235,,,
1519360794,0.146298469,0.153036517,,,
1519360794,0.151477613,0.153021005,,,
1519360794,0.14990009,0.152989952,,,
1519360794,0.152409893,0.15298418,,,
1519360794,0.149770319,0.152952202,,,
1519360795,0.153290303,0.152955566,,,
1519360795,0.151421409,0.152940301,,,
1519360795,0.148798125,0.152899086,,,
1519360795,0.155046935,0.152920457,,,
1519360795,0.150614557,0.152897513,,,
1519360795,0.150659543,0.152875245,,,
1519360795,0.147898869,0.15282573,,,
1519360795,0.156541143,0.152862698,,,
1519360795,0.147956069,0.152813877,,,
1519360795,0.15608874,0.152846462,,,
1519360795,0.153565552,0.152853617,,,
1519360795,0.147001337,0.152795386,,,
1519360795,0.151137264,0.152778888,,,
1519360795,0.155025605,0.152801243,,,
1519360795,0.146099832,0.152734563,,,
1519360795,0.154092441,0.152748074,,,
1519360795,0.152872053,0.152749308,,,
1519360795,0.153950013,0.152761255,,,
1519360796,0.151864397,0.152752331,,,
1519360796,0.150758441,0.152732491,,,
1519360796,0.149096491,0.152696313,,,
1519360796,0.154825882,0.152717502,,,
1519360796,0.14811597,0.152671716,,,
1519360796,0.14883912,0.152633582,,,
1519360796,0.14952391,0.15260264,,,
1519360796,0.149801187,0.152574765,,,
1519360796,0.139920298,0.152448852,,,
1519360796,0.146672999,0.152391381,,,
1519360796,0.150619261,0.152373748,,,
1519360796,0.151780207,0.152367843,,,
1519360796,0.154537243,0.152389428,,,
1519360796,0.15162077,0.15238178,,,
1519360796,0.149412595,0.152352236,,,
1519360796,0.148160583,0.152310529,,,
1519360796,0.150685233,0.152294357,,,
1519360796,0.149028348,0.15226186,,,
1519360796,0.148884099,0.152228251,,,
1519360797,0.149168977,0.152197811,,,
1519360797,0.148260671,0.152158635,,,
1519360797,0.150728409,0.152144405,,,
1519360797,0.144082338,0.152064186,,,
1519360797,0.148122124,0.152024962,,,
1519360797,0.148576321,0.151990648,,,
1519360797,0.147864032,0.151949587,,,
1519360797,0.147858239,0.151908878,,,
1519360797,0.150519278,0.151895051,,,
1519360797,0.151203235,0.151888167,,,
1519360797,0.154259784,0.151911765,,,
1519360797,0.150167594,0.151894411,,,
1519360797,0.14874229,0.151863047,,,
1519360797,0.147481239,0.151819447,,,
1519360797,0.152268907,0.151823919,,,
1519360797,0.147317073,0.151779076,,,
1519360797,0.149353138,0.151754937,,,
1519360797,0.149057402,0.151728096,,,
1519360798,0.148355602,0.15169454,,,
1519360798,0.151075634,0.151688381,,,
1519360798,0.14648081,0.151636565,,,
1519360798,0.148363565,0.151603999,,,
1519360798,0.1432747,0.151521121,,,
1519360798,0.147644757,0.151482551,,,
1519360798,0.147227205,0.15144021,,,
1519360798,0.147876424,0.151404749,,,
1519360798,0.153833416,0.151428915,,,
1519360798,0.14784412,0.151393246,,,
1519360798,0.151547695,0.151394783,,,
1519360798,0.149717483,0.151378093,,,
1519360798,0.1485394,0.151349848,,,
1519360798,0.150024547,0.151336661,,,
1519360798,0.148839482,0.151311814,,,
1519360798,0.152804997,0.151326671,,,
1519360798,0.147931451,0.151292888,,,
1519360798,0.151414174,0.151294095,,,
1519360799,0.150844715,0.151289624,,,
1519360799,0.146209576,0.151239077,,,
1519360799,0.151404887,0.151240726,,,
1519360799,0.145663028,0.151185228,,,
1519360799,0.153686491,0.151210116,,,
1519360799,0.147589647,0.151174091,,,
1519360799,0.146703776,0.151129611,,,
1519360799,0.149626434,0.151114654,,,
1519360799,0.149217576,0.151095778,,,
1519360799,0.151890443,0.151103685,,,
1519360799,0.14784955,0.151071306,,,
1519360799,0.149468693,0.15105536,,,
1519360799,0.145820736,0.151003275,,,
1519360799,0.149371234,0.150987036,,,
1519360799,0.150469588,0.150981887,,,
1519360799,0.148707178,0.150959254,,,
1519360799,0.145328513,0.150903227,,,
1519360799,0.14888808,0.150883176,,,
1519360800,0.149672501,0.15087113,,,
1519360800,0.149104917,0.150853556,,,
1519360800,0.146975267,0.150814966,,,
1519360800,0.147750996,0.150784479,,,
1519360800,0.149832671,0.150775009,,,
1519360800,0.147200337,0.15073944,,,
1519360800,0.151409832,0.150746111,,,
1519360800,0.153117493,0.150769706,,,
1519360800,0.15330709,0.150794954,,,
1519360800,0.145037823,0.150737669,,,
1519360800,0.14796665,0.150710097,,,
1519360800,0.150281444,0.150705832,,,
1519360800,0.14332799,0.150632422,,,
1519360800,0.14762919,0.150602539,,,
1519360800,0.148570891,0.150582324,,,
1519360800,0.145118283,0.150527956,,,
1519360800,0.147445033,0.150497281,,,
1519360800,0.148428002,0.150476691,,,
1519360801,0.148947442,0.150461475,,,
1519360801,0.151623664,0.150473039,,,
1519360801,0.147331917,0.150441784,,,
1519360801,0.147694075,0.150414444,,,
1519360801,0.147760409,0.150388036,,,
1519360801,0.147846654,0.150362749,,,
1519360801,0.147751358,0.150336766,,,
1519360801,0.155334857,0.150386497,,,
1519360801,0.149871863,0.150381376,,,
1519360801,0.148086647,0.150358544,,,
1519360801,0.152167851,0.150376546,,,
1519360801,0.149273449,0.150365571,,,
1519360801,0.146838311,0.150330474,,,
1519360801,0.144250403,0.150269976,,,
1519360801,0.14881099,0.150255459,,,
1519360801,0.146300587,0.150216108,,,
1519360801,0.147203889,0.150186136,,,
1519360801,0.148893416,0.150173273,,,
1519360802,0.148742652,0.150159038,,,
1519360802,0.142878852,0.1500866,,,
1519360802,0.147200699,0.150057884,,,
1519360802,0.15011067,0.15005841,,,
1519360802,0.143781791,0.149995957,,,
1519360802,0.149682796,0.149992841,,,
1519360802,0.147176731,0.14996482,,,
1519360802,0.148465012,0.149949897,,,
1519360802,0.147378699,0.149924313,,,
1519360802,0.144433893,0.149869683,,,
1519360802,0.148326554,0.149854328,,,
1519360802,0.145295865,0.149808971,,,
1519360802,0.147528021,0.149786275,,,
1519360802,0.149296939,0.149781406,,,
1519360802,0.142371029,0.149707672,,,
1519360802,0.147710367,0.149687799,,,
1519360802,0.148488269,0.149675863,,,
1519360802,0.147105691,0.14965029,,,
1519360803,0.149741263,0.149651195,,,
1519360803,0.149383902,0.149648535,,,
1519360803,0.149893214,0.14965097,,,
1519360803,0.150803788,0.14966244,,,
1519360803,0.147942396,0.149645326,,,
1519360803,0.150077739,0.149649628,,,
1519360803,0.148651798,0.1496397,,,
1519360803,0.145645695,0.149599959,,,
1519360803,0.147569011,0.149579751,,,
1519360803,0.149637942,0.14958033,,,
1519360803,0.145728953,0.149542008,,,
1519360803,0.14725284,0.149519231,,,
1519360803,0.150607568,0.14953006,,,
1519360803,0.150403142,0.149538747,,,
1519360803,0.147227856,0.149515753,,,
1519360803,0.14803588,0.149501028,,,
1519360803,0.148660391,0.149492664,,,
1519360803,0.148701748,0.149484794,,,
1519360804,0.147782493,0.149467856,,,
1519360804,0.149707605,0.149470242,,,
1519360804,0.145186066,0.149427614,,,
1519360804,0.146394921,0.149397438,,,
1519360804,0.147145303,0.149375029,,,
1519360804,0.146330761,0.149344738,,,
1519360804,0.143096352,0.149282566,,,
1519360804,0.146584145,0.149255716,,,
1519360804,0.145359301,0.149216946,,,
1519360804,0.148213161,0.149206959,,,
1519360804,0.144559677,0.149160718,,,
1519360804,0.146609493,0.149135333,,,
1519360804,0.14729028,0.149116974,,,
1519360804,0.144115304,0.149067207,,,
1519360804,0.152216821,0.149098546,,,
1519360804,0.147328737,0.149080936,,,
1519360804,0.143933329,0.149029717,,,
1519360804,0.14854121,0.149024856,,,
1519360804,0.148336779,0.14901801,,,
1519360805,0.148709084,0.149014936,,,
1519360805,0.144381003,0.148968827,,,
1519360805,0.148384199,0.14896301,,,
1519360805,0.145677204,0.148930316,,,
1519360805,0.14776765,0.148918747,,,
1519360805,0.141542402,0.148845352,,,
1519360805,0.143108696,0.148788271,,,
1519360805,0.146219161,0.148762709,,,
1519360805,0.147780767,0.148752938,,,
1519360805,0.146560121,0.148731119,,,
1519360805,0.14505444,0.148694536,,,
1519360805,0.141966502,0.148627591,,,
1519360805,0.145663079,0.148598094,,,
1519360805,0.145625051,0.148568512,,,
1519360805,0.140176208,0.148485007,,,
1519360805,0.145362923,0.148453942,,,
1519360805,0.148814146,0.148457526,,,
1519360805,0.146181797,0.148434882,,,
1519360806,0.150088957,0.148451341,,,
1519360806,0.142844787,0.148395555,,,
1519360806,0.141565599,0.148327596,,,
1519360806,0.145048327,0.148294967,,,
1519360806,0.143570863,0.148247961,,,
1519360806,0.145994385,0.148225538,,,
1519360806,0.147086934,0.148214209,,,
1519360806,0.145573928,0.148187937,,,
1519360806,0.147132631,0.148177437,,,
1519360806,0.143571872,0.148131611,,,
1519360806,0.140638401,0.148057053,,,
1519360806,0.146351041,0.148040078,,,
1519360806,0.145272275,0.148012538,,,
1519360806,0.144225474,0.147974856,,,
1519360806,0.146077275,0.147955975,,,
1519360806,0.149170692,0.147968061,,,
1519360806,0.144346876,0.14793203,,,
1519360806,0.149230967,0.147944955,,,
1519360807,0.14331021,0.147898838,,,
1519360807,0.145464802,0.147874619,,,
1519360807,0.146157534,0.147857534,,,
1519360807,0.146112204,0.147840168,,,
1519360807,0.139490022,0.147757083,,,
1519360807,0.144473057,0.147724407,,,
1519360807,0.146224169,0.147709479,,,
1519360807,0.146130674,0.14769377,,,
1519360807,0.146226041,0.147679166,,,
1519360807,0.144574571,0.147648274,,,
1519360807,0.14020375,0.147574201,,,
1519360807,0.141091111,0.147509693,,,
1519360807,0.148372253,0.147518276,,,
1519360807,0.15495168,0.147592239,,,
1519360807,0.147293901,0.14758927,,,
1519360807,0.145953824,0.147572997,,,
1519360807,0.14335773,0.147531055,,,
1519360807,0.14818746,0.147537586,,,
1519360808,0.140351645,0.147466085,,,
1519360808,0.145013869,0.147441685,,,
1519360808,0.142284038,0.147390366,,,
1519360808,0.141859931,0.147335338,,,
1519360808,0.150082806,0.147362675,,,
1519360808,0.141603299,0.147305369,,,
1519360808,0.143457759,0.147267085,,,
1519360808,0.146314827,0.14725761,,,
1519360808,0.14651419,0.147250212,,,
1519360808,0.143858662,0.147216466,,,
1519360808,0.14434365,0.147187881,,,
1519360808,0.145065351,0.147166762,,,
1519360808,0.143214163,0.147127433,,,
1519360808,0.139047506,0.147047037,,,
1519360808,0.145441934,0.147031066,,,
1519360808,0.139752117,0.146958639,,,
1519360808,0.145883086,0.146947937,,,
1519360808,0.142226402,0.146900957,,,
1519360809,0.148133347,0.14691322,,,
1519360809,0.146390576,0.14690802,,,
1519360809,0.15019955,0.146940771,,,
1519360809,0.139690134,0.146868626,,,
1519360809,0.148134157,0.146881218,,,
1519360809,0.144222938,0.146854768,,,
1519360809,0.141212905,0.146798631,,,
1519360809,0.140984905,0.146740783,,,
1519360809,0.143598761,0.14670952,,,
1519360809,0.144125808,0.146683812,,,
1519360809,0.142369221,0.146640881,,,
1519360809,0.140768166,0.146582447,,,
1519360809,0.144645211,0.146563171,,,
1519360809,0.148865906,0.146586083,,,
1519360809,0.147323952,0.146593425,,,
1519360809,0.143685747,0.146564493,,,
1519360809,0.144361401,0.146542572,,,
1519360809,0.145192948,0.146529144,,,
1519360810,0.146709932,0.146530942,,,
1519360810,0.143868082,0.146504447,,,
1519360810,0.138089055,0.146420712,,,
1519360810,0.147225757,0.146428723,,,
1519360810,0.143485272,0.146399435,,,
1519360810,0.146248071,0.146397929,,,
1519360810,0.145364009,0.146387641,,,
1519360810,0.144369371,0.146367559,,,
1519360810,0.143305499,0.146337091,,,
1519360810,0.144078677,0.14631462,,,
1519360810,0.140978017,0.14626152,,,
1519360810,0.149451321,0.146293259,,,
1519360810,0.148253342,0.146312762,,,
1519360810,0.149412763,0.146343607,,,
1519360810,0.152055667,0.146400443,,,
1519360810,0.144445849,0.146380995,,,
1519360810,0.146504349,0.146382222,,,
1519360810,0.146216201,0.14638057,,,
1519360810,0.146903795,0.146385776,,,
1519360811,0.142651585,0.146348621,,,
1519360811,0.142860733,0.146313916,,,
1519360811,0.148688264,0.146337541,,,
1519360811,0.149434936,0.14636836,,,
1519360811,0.154532949,0.146449599,,,
1519360811,0.158722471,0.146571715,,,
1519360811,0.147765477,0.146583594,,,
1519360811,0.135209829,0.146470423,,,
1519360811,0.141099087,0.146416978,,,
1519360811,0.136751797,0.146320808,,,
1519360811,0.141502895,0.146272869,,,
1519360811,0.140039902,0.14621085,,,
1519360811,0.139195676,0.146141048,,,
1519360811,0.142300362,0.146102833,,,
1519360811,0.142397157,0.146065961,,,
1519360811,0.140921831,0.146014776,,,
1519360811,0.13868204,0.145941815,,,
1519360811,0.142528718,0.145907854,,,
1519360812,0.143284149,0.145881748,,,
1519360812,0.145209299,0.145875057,,,
1519360812,0.140815624,0.145824715,,,
1519360812,0.143296105,0.145799555,,,
1519360812,0.142934695,0.145771049,,,
1519360812,0.141408646,0.145727643,,,
1519360812,0.142423229,0.145694763,,,
1519360812,0.144401289,0.145681893,,,
1519360812,0.143126813,0.14565647,,,
1519360812,0.140957058,0.14560971,,,
1519360812,0.144819176,0.145601844,,,
1519360812,0.144517254,0.145591052,,,
1519360812,0.144950796,0.145584682,,,
1519360812,0.143736501,0.145566292,,,
1519360812,0.137953123,0.14549054,,,
1519360812,0.14312319,0.145466985,,,
1519360812,0.142971679,0.145442156,,,
1519360812,0.142881044,0.145416673,,,
1519360813,0.14151703,0.145377871,,,
1519360813,0.143450875,0.145358697,,,
1519360813,0.138576207,0.14529121,,,
1519360813,0.139469739,0.145233286,,,
1519360813,0.147326202,0.145254111,,,
1519360813,0.138518214,0.145187088,,,
1519360813,0.142646892,0.145161812,,,
1519360813,0.137913224,0.145089688,,,
1519360813,0.139550918,0.145034577,,,
1519360813,0.143483098,0.145019139,,,
1519360813,0.14069093,0.144976073,,,
1519360813,0.138708876,0.144913714,,,
1519360813,0.139404833,0.1448589,,,
1519360813,0.140211001,0.144812652,,,
1519360813,0.14343747,0.144798969,,,
1519360813,0.14061518,0.14475734,,,
1519360813,0.138818366,0.144698246,,,
1519360813,0.143889458,0.144690199,,,
1519360814,0.140617346,0.144649673,,,
1519360814,0.142380467,0.144627095,,,
1519360814,0.141242268,0.144593415,,,
1519360814,0.138237281,0.144530171,,,
1519360814,0.140858033,0.144493633,,,
1519360814,0.141538777,0.144464231,,,
1519360814,0.139100355,0.14441086,,,
1519360814,0.143546589,0.14440226,,,
1519360814,0.140835922,0.144366775,,,
1519360814,0.144951206,0.14437259,,,
1519360814,0.140097184,0.144330049,,,
1519360814,0.141401759,0.144300912,,,
1519360814,0.143584268,0.144293782,,,
1519360814,0.141563787,0.144266618,,,
1519360814,0.143233756,0.144256341,,,
1519360814,0.142832488,0.144242173,,,
1519360814,0.14103094,0.144210221,,,
1519360814,0.140199399,0.144170313,,,
1519360815,0.141066462,0.144139429,,,
1519360815,0.141047976,0.144108669,,,
1519360815,0.140125814,0.144069039,,,
1519360815,0.133630043,0.14396517,,,
1519360815,0.136225832,0.143888162,,,
1519360815,0.137677586,0.143826366,,,
1519360815,0.141449971,0.143802721,,,
1519360815,0.140850421,0.143773345,,,
1519360815,0.137183543,0.143707776,,,
1519360815,0.137527187,0.143646278,,,
1519360815,0.132290366,0.143533285,,,
1519360815,0.140519835,0.143503301,,,
1519360815,0.14030198,0.143471448,,,
1519360815,0.137181367,0.143408861,,,
1519360815,0.13312731,0.143306558,,,
1519360815,0.141833844,0.143291904,,,
1519360815,0.141694651,0.143276011,,,
1519360815,0.134891869,0.143192588,,,
1519360815,0.137742108,0.143138355,,,
1519360816,0.14083121,0.143115399,,,
1519360816,0.141492022,0.143099246,,,
1519360816,0.137515217,0.143043684,,,
1519360816,0.141791429,0.143031224,,,
1519360816,0.138956807,0.142990683,,,
1519360816,0.137194426,0.14293301,,,
1519360816,0.139407008,0.142897925,,,
1519360816,0.138640728,0.142855566,,,
1519360816,0.145088583,0.142877785,,,
1519360816,0.140494114,0.142854067,,,
1519360816,0.136419454,0.142790042,,,
1519360816,0.142226764,0.142784437,,,
1519360816,0.142032848,0.142776958,,,
1519360816,0.137831293,0.142727748,,,
1519360816,0.142495017,0.142725433,,,
1519360816,0.143579921,0.142733935,,,
1519360816,0.138902077,0.142695808,,,
1519360816,0.144095017,0.14270973,,,
1519360817,0.139524306,0.142678035,,,
1519360817,0.13876989,0.142639148,,,
1519360817,0.139190653,0.142604835,,,
1519360817,0.142498623,0.142603778,,,
1519360817,0.136909553,0.14254712,,,
1519360817,0.142748014,0.142549119,,,
1519360817,0.13948243,0.142518605,,,
1519360817,0.137062482,0.142464316,,,
1519360817,0.143301875,0.14247265,,,
1519360817,0.144777515,0.142495583,,,
1519360817,0.138224988,0.14245309,,,
1519360817,0.144569096,0.142474145,,,
1519360817,0.138336982,0.14243298,,,
1519360817,0.140377023,0.142412523,,,
1519360817,0.13976515,0.142386181,,,
1519360817,0.136769573,0.142330295,,,
1519360817,0.135914112,0.142266453,,,
1519360817,0.139517217,0.142239098,,,
1519360818,0.139485308,0.142211697,,,
1519360818,0.135015906,0.142140098,,,
1519360818,0.138986518,0.14210872,,,
1519360818,0.136840987,0.142056305,,,
1519360818,0.136826476,0.142004268,,,
1519360818,0.132466244,0.141909363,,,
1519360818,0.137987901,0.141870344,,,
1519360818,0.135799584,0.141809939,,,
1519360818,0.134548659,0.141737689,,,
1519360818,0.135929714,0.141679899,,,
1519360818,0.138289108,0.14164616,,,
1519360818,0.135783256,0.141587823,,,
1519360818,0.136980186,0.141541977,,,
1519360818,0.137456819,0.141501329,,,
1519360818,0.140671717,0.141493074,,,
1519360818,0.142356187,0.141501662,,,
1519360818,0.136848605,0.141455364,,,
1519360818,0.135107931,0.141392206,,,
1519360819,0.134787868,0.141326492,,,
1519360819,0.135597677,0.14126949,,,
1519360819,0.13835149,0.141240455,,,
1519360819,0.142122366,0.14124923,,,
1519360819,0.137925556,0.141216159,,,
1519360819,0.140110961,0.141205162,,,
1519360819,0.141092561,0.141204042,,,
1519360819,0.138323925,0.141175384,,,
1519360819,0.13978908,0.141161591,,,
1519360819,0.139688663,0.141146935,,,
1519360819,0.144748897,0.141182775,,,
1519360819,0.143286657,0.141203709,,,
1519360819,0.142300709,0.141214624,,,
1519360819,0.140853325,0.141211029,,,
1519360819,0.142916557,0.141227999,,,
1519360819,0.138571528,0.141201567,,,
1519360819,0.141116485,0.14120072,,,
1519360819,0.141956711,0.141208243,,,
1519360820,0.14406995,0.141236717,,,
1519360820,0.144613656,0.141270318,,,
1519360820,0.146527164,0.141322624,,,
1519360820,0.145767393,0.14136685,,,
1519360820,0.14532593,0.141406243,,,
1519360820,0.149717276,0.141488939,,,
1519360820,0.15180517,0.141591587,,,
1519360820,0.149521537,0.141670491,,,
1519360820,0.149021014,0.14174363,,,
1519360820,0.145394436,0.141779956,,,
1519360820,0.141536962,0.141777538,,,
1519360820,0.145892502,0.141818482,,,
1519360820,0.146443511,0.141864502,,,
1519360820,0.142882493,0.141874631,,,
1519360820,0.140948292,0.141865414,,,
1519360820,0.136236353,0.141809404,,,
1519360820,0.14238554,0.141815137,,,
1519360820,0.136283823,0.141760099,,,
1519360820,0.14353246,0.141777735,,,
1519360821,0.136978324,0.14172998,,,
1519360821,0.136308493,0.141676035,,,
1519360821,0.137258947,0.141632085,,,
1519360821,0.14384595,0.141654113,,,
1519360821,0.142163692,0.141659183,,,
1519360821,0.140455313,0.141647205,,,
1519360821,0.140910594,0.141639875,,,
1519360821,0.141519567,0.141638678,,,
1519360821,0.134203555,0.141564698,,,
1519360821,0.131836206,0.141467898,,,
1519360821,0.132705551,0.141380712,,,
1519360821,0.136192876,0.141329092,,,
1519360821,0.129569164,0.141212079,,,
1519360821,0.138058551,0.141180701,,,
1519360821,0.131202855,0.14108142,,,
1519360821,0.138108566,0.14105184,,,
1519360821,0.131314101,0.140954948,,,
1519360821,0.129685851,0.14084282,,,
1519360822,0.135751326,0.140792159,,,
1519360822,0.133360707,0.140718215,,,
1519360822,0.132385276,0.140635301,,,
1519360822,0.133702912,0.140566323,,,
1519360822,0.133830501,0.140499301,,,
1519360822,0.133087741,0.140425555,,,
1519360822,0.134000472,0.140361624,,,
1519360822,0.127622172,0.140234865,,,
1519360822,0.133755092,0.140170391,,,
1519360822,0.135317029,0.140122099,,,
1519360822,0.130132403,0.1400227,,,
1519360822,0.135984378,0.139982518,,,
1519360822,0.130252726,0.139885706,,,
1519360822,0.132541443,0.139812629,,,
1519360822,0.137275271,0.139787382,,,
1519360822,0.13572055,0.139746917,,,
1519360822,0.13638535,0.139713469,,,
1519360822,0.1319576,0.139636297,,,
1519360823,0.135634621,0.13959648,,,
1519360823,0.134774077,0.139548496,,,
1519360823,0.13858887,0.139538948,,,
1519360823,0.13306279,0.139474509,,,
1519360823,0.135916228,0.139439104,,,
1519360823,0.13311896,0.139376218,,,
1519360823,0.132593359,0.139308727,,,
1519360823,0.136902968,0.13928479,,,
1519360823,0.135079626,0.139242948,,,
1519360823,0.134455467,0.139195312,,,
1519360823,0.131000942,0.139113777,,,
1519360823,0.136441526,0.139087188,,,
1519360823,0.137814972,0.139074529,,,
1519360823,0.137212878,0.139056005,,,
1519360823,0.132711871,0.13899288,,,
1519360823,0.13390337,0.138942239,,,
1519360823,0.132673854,0.138879868,,,
1519360823,0.135002405,0.138841287,,,
1519360824,0.132425108,0.138777445,,,
1519360824,0.136875761,0.138758523,,,
1519360824,0.12756056,0.138647102,,,
1519360824,0.133862443,0.138599494,,,
1519360824,0.129607528,0.138510023,,,
1519360824,0.13646656,0.13848969,,,
1519360824,0.13492707,0.138454241,,,
1519360824,0.133076948,0.138400737,,,
1519360824,0.132626035,0.138343278,,,
1519360824,0.134981793,0.13830983,,,
1519360824,0.130767197,0.13823478,,,
1519360824,0.140315393,0.138255483,,,
1519360824,0.133899378,0.138212139,,,
1519360824,0.133244371,0.138162709,,,
1519360824,0.133985313,0.138121143,,,
1519360824,0.131182518,0.138052103,,,
1519360824,0.140424862,0.138075712,,,
1519360824,0.135338074,0.138048473,,,
1519360825,0.131532354,0.137983636,,,
1519360825,0.136275841,0.137966644,,,
1519360825,0.133251268,0.137919725,,,
1519360825,0.133587664,0.137876621,,,
1519360825,0.137836371,0.13787622,,,
1519360825,0.135582074,0.137853393,,,
1519360825,0.13120576,0.137787248,,,
1519360825,0.134052011,0.137750082,,,
1519360825,0.136487908,0.137737523,,,
1519360825,0.133177672,0.137692152,,,
1519360825,0.136622754,0.137681512,,,
1519360825,0.135227175,0.137657091,,,
1519360825,0.131868752,0.137599496,,,
1519360825,0.133839212,0.137562081,,,
1519360825,0.136291804,0.137549441,,,
1519360825,0.135642241,0.137530464,,,
1519360825,0.135621921,0.137511474,,,
1519360825,0.130546762,0.137442174,,,
1519360826,0.140336782,0.137470976,,,
1519360826,0.136122405,0.137457558,,,
1519360826,0.132189404,0.137405139,,,
1519360826,0.133398195,0.137365269,,,
1519360826,0.135948219,0.137351169,,,
1519360826,0.13444067,0.13732221,,,
1519360826,0.132078288,0.137270032,,,
1519360826,0.135445775,0.13725188,,,
1519360826,0.131879282,0.137198422,,,
1519360826,0.132604977,0.137152717,,,
1519360826,0.131620862,0.137097674,,,
1519360826,0.134561725,0.137072441,,,
1519360826,0.130317302,0.137005227,,,
1519360826,0.135594926,0.136991194,,,
1519360826,0.136967543,0.136990959,,,
1519360826,0.133597924,0.136957198,,,
1519360826,0.131975393,0.136907628,,,
1519360826,0.136121099,0.136899802,,,
1519360827,0.131118815,0.136842281,,,
1519360827,0.130906406,0.136783218,,,
1519360827,0.138016599,0.13679549,,,
1519360827,0.129774955,0.136725635,,,
1519360827,0.132277787,0.136681378,,,
1519360827,0.131188356,0.136626722,,,
1519360827,0.13232643,0.136583934,,,
1519360827,0.131479479,0.136533144,,,
1519360827,0.134152194,0.136509453,,,
1519360827,0.136804889,0.136512392,,,
1519360827,0.134156867,0.136488955,,,
1519360827,0.131025682,0.136434594,,,
1519360827,0.133081882,0.136401235,,,
1519360827,0.135555731,0.136392822,,,
1519360827,0.134341758,0.136372413,,,
1519360827,0.128665856,0.136295732,,,
1519360827,0.132944977,0.136262392,,,
1519360827,0.129902712,0.136199112,,,
1519360828,0.135216256,0.136189333,,,
1519360828,0.135838566,0.136185842,,,
1519360828,0.129967624,0.13612397,,,
1519360828,0.134516533,0.136107976,,,
1519360828,0.132623386,0.136073304,,,
1519360828,0.132150436,0.136034271,,,
1519360828,0.13819415,0.136055762,,,
1519360828,0.135533762,0.136050568,,,
1519360828,0.128431058,0.135974753,,,
1519360828,0.137137579,0.135986323,,,
1519360828,0.130407102,0.135930809,,,
1519360828,0.131937552,0.135891076,,,
1519360828,0.137284889,0.135904945,,,
1519360828,0.134705909,0.135893014,,,
1519360828,0.129384242,0.135828251,,,
1519360828,0.130623688,0.135776465,,,
1519360828,0.130816367,0.135727111,,,
1519360829,0.128073948,0.135650961,,,
1519360829,0.137757977,0.135671926,,,
1519360829,0.135379513,0.135669017,,,
1519360829,0.134336258,0.135655756,,,
1519360829,0.132049509,0.135619873,,,
1519360829,0.132483916,0.13558867,,,
1519360829,0.133678157,0.13556966,,,
1519360829,0.131252374,0.135526703,,,
1519360829,0.133008297,0.135501644,,,
1519360829,0.132541169,0.135472187,,,
1519360829,0.133096196,0.135448546,,,
1519360829,0.127797721,0.135372419,,,
1519360829,0.12901861,0.135309198,,,
1519360829,0.131100954,0.135267325,,,
1519360829,0.130492548,0.135219816,,,
1519360829,0.136259602,0.135230162,,,
1519360829,0.129351535,0.135171668,,,
1519360829,0.133387305,0.135153914,,,
1519360830,0.137005487,0.135172337,,,
1519360830,0.127488766,0.135095885,,,
1519360830,0.131018054,0.13505531,,,
1519360830,0.132104913,0.135025953,,,
1519360830,0.132103999,0.134996879,,,
1519360830,0.131724609,0.13496432,,,
1519360830,0.134688841,0.134961579,,,
1519360830,0.134525811,0.134957243,,,
1519360830,0.132118475,0.134928997,,,
1519360830,0.131879939,0.134898658,,,
1519360830,0.130204047,0.134851946,,,
1519360830,0.134668388,0.13485012,,,
1519360830,0.130094859,0.134802804,,,
1519360830,0.129382866,0.134748875,,,
1519360830,0.132579213,0.134727287,,,
1519360830,0.133544994,0.134715523,,,
1519360830,0.13138554,0.134682389,,,
1519360831,0.131121659,0.134646959,,,
1519360831,0.134666623,0.134647155,,,
1519360831,0.134168166,0.134642389,,,
1519360831,0.134995663,0.134645904,,,
1519360831,0.135116354,0.134650585,,,
1519360831,0.128838901,0.134592758,,,
1519360831,0.130776277,0.134554784,,,
1519360831,0.126517903,0.134474816,,,
1519360831,0.133208166,0.134462212,,,
1519360831,0.134013988,0.134457753,,,
1519360831,0.136666652,0.134479731,,,
1519360831,0.13158283,0.134450907,,,
1519360831,0.129457927,0.134401226,,,
1519360831,0.131847807,0.134375819,,,
1519360831,0.132950812,0.13436164,,,
1519360831,0.126157701,0.13428001,,,
1519360831,0.13136543,0.13425101,,,
1519360831,0.128889612,0.134197663,,,
1519360832,0.126311991,0.1341192,,,
1519360832,0.129684288,0.134075072,,,
1519360832,0.133105484,0.134065424,,,
1519360832,0.132761356,0.134052449,,,
1519360832,0.126419964,0.133976504,,,
1519360832,0.127824426,0.13391529,,,
1519360832,0.131033031,0.133886612,,,
1519360832,0.132665248,0.133874459,,,
1519360832,0.12853121,0.133821293,,,
1519360832,0.132205626,0.133805217,,,
1519360832,0.129883184,0.133766192,,,
1519360832,0.127112012,0.133699982,,,
1519360832,0.131186999,0.133674978,,,
1519360832,0.133258891,0.133670837,,,
1519360832,0.127220694,0.133606658,,,
1519360832,0.137370214,0.133644106,,,
1519360832,0.130331182,0.133611142,,,
1519360832,0.130849513,0.133583663,,,
1519360832,0.130689966,0.13355487,,,
1519360833,0.12940961,0.133513625,,,
1519360833,0.127521116,0.133453998,,,
1519360833,0.130329231,0.133422907,,,
1519360833,0.126947719,0.133358478,,,
1519360833,0.130520017,0.133330235,,,
1519360833,0.134108272,0.133337976,,,
1519360833,0.129486264,0.133299651,,,
1519360833,0.1285992,0.133252881,,,
1519360833,0.131684997,0.13323728,,,
1519360833,0.128732758,0.13319246,,,
1519360833,0.125724426,0.133118152,,,
1519360833,0.122145948,0.133008977,,,
1519360833,0.130029153,0.132979328,,,
1519360833,0.128048168,0.132930262,,,
1519360833,0.124697761,0.132848347,,,
1519360833,0.130772645,0.132827694,,,
1519360833,0.13434784,0.13284282,,,
1519360833,0.123956648,0.132754401,,,
1519360834,0.127963102,0.132706727,,,
1519360834,0.128689154,0.132666752,,,
1519360834,0.128497053,0.132625263,,,
1519360834,0.130891878,0.132608015,,,
1519360834,0.131239534,0.132594399,,,
1519360834,0.128513244,0.132553791,,,
1519360834,0.12989067,0.132527292,,,
1519360834,0.127186893,0.132474155,,,
1519360834,0.131266285,0.132462136,,,
1519360834,0.131927941,0.132456821,,,
1519360834,0.129451387,0.132426916,,,
1519360834,0.127778828,0.132380667,,,
1519360834,0.125320233,0.132310415,,,
1519360834,0.128607921,0.132273575,,,
1519360834,0.129735982,0.132248326,,,
1519360834,0.123977886,0.132166034,,,
1519360834,0.130014987,0.13214463,,,
1519360834,0.130994769,0.132133189,,,
1519360835,0.128621572,0.132098248,,,
1519360835,0.124151437,0.132019176,,,
1519360835,0.132358153,0.132022549,,,
1519360835,0.128513607,0.131987635,,,
1519360835,0.126904646,0.131937059,,,
1519360835,0.125969772,0.131877683,,,
1519360835,0.128415456,0.131843234,,,
1519360835,0.1275491,0.131800506,,,
1519360835,0.128544493,0.131768109,,,
1519360835,0.128661176,0.131737194,,,
1519360835,0.125765676,0.131677777,,,
1519360835,0.123793063,0.131599323,,,
1519360835,0.130891514,0.13159228,,,
1519360835,0.124119286,0.131517923,,,
1519360835,0.12589253,0.13146195,,,
1519360835,0.127140547,0.131418951,,,
1519360835,0.129367251,0.131398537,,,
1519360835,0.129908106,0.131383707,,,
1519360836,0.126141877,0.13133155,,,
1519360836,0.129095369,0.131309299,,,
1519360836,0.130428982,0.13130054,,,
1519360836,0.130355383,0.131291136,,,
1519360836,0.12314462,0.131210077,,,
1519360836,0.124411902,0.131142434,,,
1519360836,0.13049786,0.131136021,,,
1519360836,0.127415702,0.131099003,,,
1519360836,0.123948793,0.131027858,,,
1519360836,0.128374396,0.131001455,,,
1519360836,0.124517235,0.130936936,,,
1519360836,0.128277501,0.130910475,,,
1519360836,0.128385822,0.130885354,,,
1519360836,0.128489785,0.130861518,,,
1519360836,0.130387346,0.1308568,,,
1519360836,0.130587441,0.13085412,,,
1519360836,0.127547646,0.13082122,,,
1519360836,0.123000906,0.130743407,,,
1519360837,0.130089454,0.1307369,,,
1519360837,0.126062646,0.13069039,,,
1519360837,0.130122006,0.130684735,,,
1519360837,0.121741385,0.130595747,,,
1519360837,0.128113413,0.130571048,,,
1519360837,0.124868771,0.13051431,,,
1519360837,0.125947233,0.130468867,,,
1519360837,0.1214342,0.130378971,,,
1519360837,0.123135301,0.130306895,,,
1519360837,0.127856792,0.130282516,,,
1519360837,0.125025076,0.130230204,,,
1519360837,0.124411327,0.130172306,,,
1519360837,0.125539766,0.130126211,,,
1519360837,0.128759693,0.130112614,,,
1519360837,0.12532896,0.130065016,,,
1519360837,0.12684395,0.130032966,,,
1519360837,0.130053997,0.130033175,,,
